3198 5132
453 513 985 625 Anminvnnslonns.
1184 553 1248 626 311

227 685 292 750 848.
309 685 347 737 Et
363 684 408 736 ioe
421 695 461 736 sat
472 692 530 738 est:²
544 684 608 738 Aid.
632 710 644 732 ι
656 685 691 739 Et
708 685 761 740 hoo
776 686 839 740 rotie
854 683 912 740 eet?
927 711 938 733 ι
958 683 1074 756 Conjioit
1090 684 1169 740 Both.
1196 685 1254 741 tEt

185 767 248 821 rotie
266 766 319 818 hoo
340 763 397 818 eet?
416 789 427 811 ι
452 776 576 837 correpto
597 766 777 837 pronomine,
800 766 918 820 numerio
939 778 1028 820 entem
1048 765 1255 834 valentioribur,

185 859 217 899 ιιι
233 847 278 898 ait.

228 927 294 994 849.
313 924 466 994 compescis?
477 922 552 989 Quid
562 923 615 977 hoo
632 924 685 977 sibi
695 925 773 979 vult?
788 925 884 979 Nonne
899 922 1084 996 reponendum
1099 950 1111 974 ι
1126 925 1182 979 Cur
1192 943 1252 997 per·

184 1004 267 1059 oie?-
284 1023 338 1076 qno
353 1004 491 1067 referetur,
507 1001 582 1075 quod
596 1002 661 1058 dioit
673 1005 831 1076 prefectus,
850 1023 889 1059 ve.
906 1009 961 1060 860
978 1025 984 1056 :
1008 1031 1019 1052 ι
1035 1004 1124 1070 Quem
1144 1019 1253 1076 poeoet,

186 1083 246 1147 ede,
257 1096 340 1136 nostre
356 1096 482 1153 depereat
492 1101 584 1136 manns.
596 1109 608 1130 »
629 1084 730 1137 Similia
746 1104 769 1148 r,
783 1105 813 1146 n,
830 1105 852 1136 m
867 1083 982 1156 denique
996 1085 1024 1136 in
1039 1082 1117 1138 MSS.
1126 1083 1198 1139 Vide
1213 1084 1248 1140 ed

185 1165 294 1235 Thyeet.
308 1169 354 1233 49.
368 1155 521 1230 (Animedr.
531 1163 585 1216 roi.
600 1163 628 1228 1,
642 1183 702 1235 peg.
715 1156 795 1233 836.)
809 1165 939 1218 Pacuvius
959 1162 1031 1236 apud
1044 1165 1114 1217 Non.
1125 1184 1151 1218 r.
1157 1167 1250 1232 from:

190 1270 202 1292 ι
214 1245 288 1297 Voce
301 1241 474 1314 suppreeeed,
496 1243 562 1296 irate
574 1243 681 1309 fronte,
699 1244 774 1297 voltu
791 1244 910 1298 turbido.
923 1270 935 1291 »
960 1244 1015 1297 Ubi
1026 1242 1108 1298 codd.
1122 1245 1173 1299 Ν.
1185 1263 1251 1317 enp-

185 1341 290 1397 preste,
306 1324 396 1403 ignote
407 1323 438 1380 f„
450 1341 476 1374 ιι.
489 1334 508 1374 t.
519 1349 531 1370 ι
543 1323 641 1387 Attius,
653 1337 683 1376 nt
695 1323 803 1394 opinor,
814 1323 887 1396 opud
900 1323 956 1378 Cio.
971 1322 1005 1377 de
1019 1323 1136 1404 Diyinet.
1149 1325 1177 1390 1,
1195 1344 1227 1378 u
1243 1344 1251 1377 r

186 1426 198 1449 ι
209 1404 271 1468 Quo
286 1403 356 1455 iacto
375 1414 450 1472 peter
464 1403 520 1454 Rex
537 1402 593 1474 ipse
607 1403 727 1456 Priamus
744 1405 864 1470 somnio,
889 1403 983 1458 mortio
1003 1414 1078 1456 metu
1098 1403 1255 1471 Perculene,

194 1497 263 1536 eto·
280 1482 327 1535 nbi
338 1482 432 1552 vulgo:
450 1509 461 1530 ι
474 1482 570 1535 mentis
587 1495 692 1537 metn-
709 1483 794 1536 Bora.

179 1625 183 1630 ¹
228 1562 295 1617 858.
310 1560 408 1614 Caram.
427 1561 511 1634 Lipeii
525 1560 607 1615 oodex
618 1580 625 1616 :
638 1574 739 1616 tantam.
750 1562 804 1616 Sed
815 1579 902 1634 neque
917 1560 945 1616 id
955 1562 1059 1635 placet,
1073 1579 1161 1634 neque
1174 1561 1251 1634 qnod

186 1642 280 1695 Delrio
298 1641 327 1694 in
342 1654 457 1694 mentem
477 1642 571 1712 reponi
592 1661 669 1712 poree
685 1656 806 1712 venerat,
821 1654 939 1695 sanctem.
951 1642 1023 1695 Bene
1039 1642 1122 1696 hebet
1135 1642 1253 1714 vulgate.

186 1723 272 1775 Boru.
287 1722 322 1773 Et
334 1739 383 1774 noe
396 1722 467 1774 ultro
480 1721 645 1774 eeeentimue.

227 1804 291 1855 860.
304 1801 404 1855 Pareat.
418 1801 527 1854 Aeoene.
544 1814 570 1855 et
588 1800 675 1873 Lngd.
687 1815 778 1872 peccet.

227 1884 294 1934 860.
310 1882 442 1934 Victum...
451 1881 591 1934 adstrinxit.
603 1883 716 1936 Putebrt
730 1883 815 1954 Reph.
829 1885 938 1935 viretum
951 1900 1003 1953 pro
1018 1883 1127 1948 verm,
1149 1881 1251 1954 requiri

185 1962 270 2015 verbo
285 1961 425 2013 adstrinxit.

227 2041 293 2096 868.
309 2041 399 2093 Parere
411 2040 527 2093 dubitas?
536 2041 592 2113 Cej.
603 2059 659 2095 non
671 2042 778 2113 reponit
792 2041 1007 2113 interrogationis
1020 2052 1111 2094 notem
1121 2079 1129 2106 ,
1141 2059 1201 2114 qne
1212 2053 1251 2096 eet

156 2141 170 2147 ·
184 2119 214 2172 in
225 2122 269 2173 rui
291 2161 298 2174 .

227 2140 292 2268 8748.
304 2200 443 2253 Deveetam.
456 2199 533 2254 MSS.
545 2201 665 2271 aliquot,
676 2199 811 2252 deductam.

225 2281 291 2352 876.
303 2282 400 2333 Tumor.
413 2279 528 2350 coniicit
541 2283 612 2331 timor
621 2279 770 2344 Pontanne,
786 2280 822 2332 ite
833 2278 966 2332 scribente
976 2278 1137 2332 Crneerieno
1149 2277 1210 2332 eod.

226 2363 292 2430 887.
313 2362 348 2412 Te
363 2379 468 2432 quoque,
487 2360 549 2412 Livi.
569 2360 611 2411 Ita
626 2358 683 2411 iere
700 2358 765 2411 Pali.
777 2359 878 2429 aliquot
889 2370 916 2410 et
932 2357 1116 2424 Coloniensi„
1139 2357 1250 2429 quidem
1349 2361 1352 2370 '

185 2445 248 2492 cerri
255 2460 265 2501 ,¹
283 2440 328 2492 elii
343 2439 409 2490 Levi.
423 2439 454 2489 In
468 2438 526 2490 aliie
537 2436 669 2509 denique,
690 2449 794 2492 mutato
807 2456 886 2500 oneo,
905 2437 973 2498 levis,
999 2447 1046 2490 ent
1060 2438 1128 2488 kris.

227 2519 292 2588 895.
310 2517 412 2570 Cernere
420 2530 529 2587 possunt.
546 2517 590 2570 Sic
602 2529 629 2569 et
641 2518 707 2571 Peli.
721 2515 793 2583 duo,
806 2517 973 2589 aliorumque
984 2515 1158 2587 exemplaria.
1172 2517 1246 2570 Reli·

185 2598 231 2669 qui
243 2597 381 2651 adhaerent
393 2597 501 2666 vulgato
512 2600 605 2667 possin
622 2597 665 2649 oui
679 2597 758 2650 etiem
775 2615 821 2650 ene
840 2611 971 2650 venustae.

227 2695 288 2744 900.
309 2678 364 2729 Aut
384 2677 492 2728 mitum
513 2681 597 2746 regina
611 2675 688 2746 jubet.
705 2677 749 2730 sic
766 2674 826 2730 ood.
840 2676 947 2730 Crueer.
961 2677 994 2728 In
1011 2674 1171 2748 quibusdem
1184 2695 1247 2747 per·

183 2773 277 2827 pereni
291 2757 388 2827 legitur
394 2758 514 2824 sertore,
528 2775 579 2810 vox
595 2756 706 2826 repetite
718 2775 733 2810 e
745 2753 904 2827 precedent.
922 2754 994 2809 Vide
1004 2768 1088 2809 noter.

226 2854 289 2904 9⁰²·
302 2838 327 2888 E
329 2840 392 2890 victa
401 2837 482 2888 malr'e.
491 2836 553 2888 Non
564 2836 721 2889 assentimur
731 2836 817 2889 Gron.
829 2849 854 2888 et
862 2839 936 2888 victe
951 2837 1059 2908 legenti.

226 2917 290 2984 903.
308 2915 338 2969 Si
352 2916 418 2968 eade
429 2935 490 2968 ntea.
505 2916 567 2969 Non
581 2927 648 2977 eret,
660 2934 708 2969 eur
721 2916 841 2971 Gronov.
855 2915 1013 2970 rescriberet
1027 2919 1073 2970 sin.
1088 2915 1166 2970 conf.
1182 2916 1244 2971 Cio.

184 2996 271 3067 Epist.
282 2997 354 3050 Fam.
368 2997 419 3061 tv,
437 3016 466 3060 r,
478 3008 505 3049 et
516 2995 585 3062 VII,
601 3013 646 3049 rr.

224 3079 360 3146 9²i·9²⁸·
374 3077 512 3146 Regitur...
522 3075 591 3128 Dies.
603 3075 705 3129 Aibert.
718 3071 828 3140 Eibius',
842 3075 953 3146 scriptos
962 3087 1089 3148 eeqnutns
1099 3075 1128 3127 in
1141 3074 1246 3145 Merge-

182 3154 234 3208 rita
248 3157 364 3228 poetice,
384 3168 412 3209 et
420 3155 517 3209 Veneti
529 3176 536 3207 ι
552 3182 565 3204 ι
579 3155 635 3208 Neo
646 3155 697 3208 eibi
711 3161 854 3228 quitquam,
874 3167 925 3208 etc.
937 3180 949 3203 ι
965 3173 1016 3228 pro
1030 3153 1079 3206 Per
1092 3172 1145 3225 qne
1157 3165 1247 3208 nutem

182 3235 306 3307 plerique
320 3235 398 3300 libri,
421 3236 450 3288 in
465 3234 507 3288 hie
520 3233 649 3298 Aldinae,
671 3236 802 3307 Perquom.
828 3260 840 3284 ι
850 3235 930 3288 Latet
944 3230 1047 3306 aliquid
1061 3231 1169 3300 mendi,
1181 3257 1193 3280 ι
1209 3233 1250 3286 ἰο·

183 3315 243 3386 quit
259 3315 376 3369 Deiriue.
390 3317 478 3368 Immo
492 3315 561 3380 hoo,
576 3315 606 3367 ni
621 3314 718 3367 iellor:

441 3433 540 3494 Regitur
553 3432 607 3479 satie
620 3433 721 3479 mortale
738 3447 827 3494 genus,

442 3511 492 3556 Neo
509 3511 553 3556 eibi
567 3513 691 3572 qnisquam
703 3510 820 3572 spondere
834 3519 912 3572 poteet

441 3591 542 3636 Firmenr
553 3599 577 3636 et
586 3591 693 3636 etebilem
703 3593 811 3646 Fercem
825 3606 890 3637 cerne

641 3669 721 3715 Volrit
736 3671 811 3715 verior

440 3747 536 3808 Semper
550 3748 618 3793 nobie
632 3749 756 3796 metuenda
772 3749 828 3795 dies.

184 3869 334 3942 Srepieeime
345 3880 395 3921 cet
406 3887 439 3940 qu
451 3867 569 3922 confuse.
581 3868 700 3935 Parrum,
712 3881 742 3922 nt
752 3886 795 3939 ap.
810 3867 903 3922 Horat.
914 3865 964 3921 0d.
976 3869 1019 3935 11,
1029 3889 1090 3935 xvr,
1107 3871 1153 3941 39.
1161 3871 1246 3925 Born.

225 3949 292 4018 925.
312 3948 459 4020 Quidquam.
475 3947 552 4001 MSS.
563 3949 687 4001 nonnulli
700 3947 841 4013 mendose,
860 3952 994 4021 quisquam.

226 4047 292 4100 9²7·
306 4029 356 4081 Per
371 4047 433 4101 qooe.
444 4027 502 4080 MS.
515 4026 587 4082 8032
598 4067 606 4093 ,
616 4048 662 4099 per
675 4048 750 4102 quem.
763 4027 822 4081 MS.
836 4028 908 4085 8035
920 4069 927 4095 ,
939 4048 985 4099 per
999 4048 1079 4101 quam.

226 4116 292 4178 94⁰·
308 4109 420 4169 Funera,
434 4108 525 4169 luctus,
539 4109 635 4160 tandem
651 4109 732 4162 letum.
743 4108 837 4175 Quid?
851 4108 960 4171 Funera,
972 4108 1071 4162 deinde
1082 4109 1183 4174 luctus,
1195 4121 1253 4160 tum

186 4189 280 4241 letum?
293 4190 385 4260 Apage
398 4187 525 4260 ineptire,
541 4199 569 4241 et
589 4207 694 4244 mecum
716 4190 793 4261 lege:
813 4189 938 4257 Vulnera,
951 4206 1012 4260 qne
1030 4189 1159 4243 vooebnle
1177 4188 1256 4242 etiem
