3130 5108
510 731 876 824 DRAMATIS
909 647 1249 818 PEnsoNAE.

803 947 958 970 „.-·”'...,

413 1063 418 1070 ⁵
516 1075 763 1144 HERCULES

517 1195 753 1266 DEJANIRA.

520 1319 717 1388 HYLLUs

517 1442 705 1512 NUHHK

517 1565 746 1636 ALCMENA.

518 1688 836 1758 PHIIDCTETES.

517 1812 641 1881 ΚΕΗ

519 1934 706 2017 LICHAS,
727 1955 829 2003 suunt
850 1953 1017 2000 nsnsoua.

521 2057 705 2127 CHORUS
730 2055 996 2125 AETOLARUM
1020 2056 1280 2126 MULIERUM.

521 2183 709 2252 CHORUS
734 2181 1065 2250 OECHALIARUM
1093 2181 1341 2250 VlRGlNUM.

491 2298 577 2382 iOLE
589 2346 623 2381 ιτ
637 2325 781 2380 CHORUS
803 2325 1043 2382 OECHALIDUM
1058 2338 1120 2380 sunt
1132 2327 1273 2397 προτατυιὰ
1284 2329 1415 2400 πρόσωπα.

740 2495 1026 2526 *—

680 2631 1082 2700 ARGUMENTUM.

348 2797 490 2877 ‘Deianira
504 2795 623 2874 indigne
640 2796 736 2854 ferens
748 2795 804 2855 sibi
817 2797 966 2873 praelatam
981 2797 1078 2866 Iolen,
1094 2797 1198 2874 Euryti
1212 2797 1288 2876 regis
1300 2799 1417 2857 Otha-

392 2897 439 2956 lias
451 2895 556 2968 filiam,
579 2893 701 2953 Herculi
722 2893 848 2951 tunicam
865 2894 954 2952 mittit
968 2892 1109 2952 imbutam
1126 2901 1265 2974 sanguino
1281 2897 1418 2955 Centauri

391 2987 1417 3068 Nessisagittaflerculisflydraeselletinctavulnerati3eificacissimum

390 3085 515 3146 credens
529 3085 671 3165 philtrum
683 3085 997 3164 praesentissimumqnc
1015 3086 1122 3145 amoris
1136 3087 1311 3161 remedium,
1338 3088 1419 3166 quod

392 3187 473 3244 illam
492 3197 645 3244 monuerat
666 3183 791 3242 moriens
814 3188 930 3243 Nessus.
953 3188 1048 3256 Quam
1071 3185 1157 3243 simul
1177 3205 1212 3243 ac
1230 3185 1370 3244 induisset
1387 3185 1418 3244 in

393 3285 498 3344 Cenaeo
524 3280 641 3340 Euboeae
669 3281 873 3359 promontorio
895 3281 1111 3342 sacrificaturus
1138 3284 1297 3355 Hercules,
1323 3284 1419 3361 ignem

389 3379 521 3458 concipit
533 3379 628 3448 vinis,
641 3377 787 3454 vestisque
798 3379 917 3455 corpori
929 3377 1102 3437 adhasoentis
1114 3391 1198 3439 aestus
1211 3399 1343 3450 carnem,
1354 3399 1418 3439 ossa

391 3477 533 3536 interiora
544 3475 678 3536 absumit.
690 3476 774 3534 Nessi
787 3475 890 3533 fraude
896 3475 1054 3549 intellecta,
1065 3475 1122 3536 sibi
1133 3491 1256 3536 montem
1268 3478 1420 3536 consciscit
1468 3501 1484 3524 ·

393 3574 541 3652 Dojanira.
558 3573 715 3646 Hercules,
739 3573 894 3631 interfecto
908 3572 1023 3650 Lychn,
1035 3575 1087 3652 qui
1101 3595 1205 3633 munus
1219 3575 1304 3633 letale
1317 3576 1420 3633 attule-

394 3683 461 3746 rat,
483 3670 602 3731 mandat
621 3669 790 3728 Philocteta
808 3669 876 3748 (cui
890 3671 1018 3730 moriens
1031 3692 1129 3730 arcum
1141 3685 1172 3730 et
1182 3673 1298 3751 sagittas
1308 3669 1419 3748 tradit)

390 3767 503 3826 exstrui
514 3765 570 3825 sibi
583 3766 613 3824 in
628 3779 726 3824 monte
739 3769 815 3825 OEta
827 3786 929 3844 pyram
939 3809 947 3837 ‚
957 3767 987 3825 iu
997 3787 1057 3846 ¹qun
1067 3787 1097 3826 se
1111 3787 1175 3827 cum
1188 3769 1269 3828 clava
1283 3789 1316 3826 ac
1327 3768 1421 3827 leonis

390 3872 465 3950 pelle
482 3884 598 3931 cremat.
612 3871 759 3930 Alcmena
772 3870 898 3948 denique
912 3872 998 3930 matri
1008 3887 1146 3952 apparet,
1158 3875 1310 3954 ipsamque
1321 3892 1422 3934 conso·

390 3970 478 4042 istut,
489 3969 550 4046 jana
565 3968 594 4027 in
608 3967 733 4026 coelitum
747 3987 901 4028 numerum
916 3969 1088 4049 adscriptus.

587 4127 679 4184 Scena
695 4127 781 4183 estin
791 4125 903 4185 Euboea
916 4169 925 4200 ,
940 4129 1005 4184 dein
1024 4128 1172 4186 Trachine.
