3198 5132
388 453 459 540 304
736 451 792 518 m
817 449 1100 519 ccmvmn

370 599 412 640 ·0t
423 579 560 657 quidquid
577 592 621 672 eat·
637 579 785 653 mtiqnitne
806 599 952 636 cneorum:
976 580 1035 634 lllon
1055 580 1119 634 bello
1140 594 1238 635 norem.
1259 579 1452 654 llepoaendnm

385 667 444 720 eine
457 674 638 718 controverna
651 677 658 712 :

461 768 569 822 laetitia,
586 767 643 814 celo
655 767 723 814 mieaa
740 783 793 814 cum
806 777 885 814 nancta
903 768 977 821 l'ide,

462 851 539 896 Terrie
550 847 559 910 (
569 847 607 893 vel
615 849 705 898 Terre.
714 847 757 894 red
766 848 824 893 illud
831 848 926 910 potine)
939 848 1038 909 regebet
1050 847 1113 894 mitit
1125 848 1252 894 humanum
1263 861 1347 910 geum.

462 933 516 976 Non
526 929 589 975 bella
602 938 701 985 norunt,
713 943 762 974 non
774 927 835 975 tube
846 927 954 975 fremitui
966 939 1054 980 trucee,

464 1009 518 1054 Non
533 1022 597 1054 orme
612 1017 700 1068 genter.

375 1132 485 1190 ⁴Turn,
499 1128 528 1180 in
543 1137 639 1191 terrae,
660 1124 890 1198 quemadmodum
904 1125 980 1198 Virg.
996 1129 1056 1180 AEn.
1072 1127 1109 1192 V,
1129 1125 1183 1190 451
1202 1143 1210 1178 ε
1231 1125 1257 1178 It
1273 1127 1365 1178 clamor
1382 1129 1448 1182 colo.

385 1210 465 1264 Ovit.
476 1209 541 1260 Met.
551 1206 604 1271 111,
612 1205 668 1274 695
679 1227 685 1257 ι
703 1205 813 1276 Corpora
824 1209 945 1258 tormentis
957 1205 1053 1277 Stygia
1063 1206 1181 1258 derrittite
1190 1208 1258 1258 nocti
1270 1202 1354 1268 (Edit.
1364 1222 1448 1262 noetr.

386 1289 467 1344 Orid.
481 1287 535 1341 vol.
551 1287 608 1350 ΠΙ,
620 1305 680 1357 pop.
697 1275 765 1354 284)
777 1325 785 1350 ,
799 1301 825 1340 et
838 1285 888 1338 alio
901 1286 1005 1339 rimilin.
1020 1311 1031 1333 ι

427 1377 492 1438 409.
515 1364 589 1438 Sequi
611 1385 690 1418 curru.
711 1365 821 1419 lleineio
843 1367 937 1420 melior
953 1364 1091 1419 ridebatur
1106 1369 1219 1427 recursu,-
1240 1365 1336 1436 qnibue
1358 1378 1446 1420 autem

387 1447 497 1520 Virgilii
522 1445 651 1516 exemplie
671 1443 824 1502 adnitamur
847 1444 883 1501 ad
904 1443 973 1500 hanc
997 1458 1114 1513 noetrem
1140 1444 1282 1498 lectionem
1305 1443 1448 1511 tuendam,

386 1527 556 1582 uideinnot.
690 1530 704 1561 0

427 1609 493 1664 lro.
505 1607 622 1676 Decipere
635 1605 763 1667 uolucrem
774 1623 894 1675 premere,
912 1617 964 1660 etc.
982 1604 1085 1674 Vulgue
1103 1605 1263 1675 ecriptorum
1283 1615 1310 1657 et
1326 1614 1448 1656 veterum

384 1687 534 1742 editionum
551 1705 557 1737 :
578 1684 729 1756 aDecipere
744 1685 865 1738 volucres
876 1698 959 1750 crete,
977 1697 1023 1737 ent
1036 1684 1089 1739 leri
1099 1684 1202 1736 Tenere
1218 1683 1313 1754 laqueo
1329 1704 1337 1734 r
1359 1683 1449 1754 enbje-

385 1779 443 1820 ctos
454 1782 576 1837 premere
588 1766 665 1834 jugo,
682 1777 732 1818 etc.
750 1790 761 1812 ι
777 1764 919 1818 Aeceneiue
929 1765 1032 1834 primur
1043 1763 1177 1817 inlereieee
1188 1775 1250 1834 port
1266 1778 1332 1814 crore
1343 1761 1450 1816 ridetur

385 1865 478 1910 cervos,
497 1845 575 1914 cnjue
593 1844 666 1896 verbi
680 1861 728 1897 nec
745 1845 805 1898 vole
823 1862 873 1898 nec
893 1843 1032 1915 vestigium
1055 1843 1083 1896 in
1103 1842 1217 1913 antiquie
1239 1841 1450 1912 exemplarium,

311 1989 313 1996 Α
382 1926 436 1980 niei
449 1921 522 1996 qnod
534 1941 625 1976 omnen
636 1921 665 1976 id
681 1922 763 1977 libror
778 1942 839 1978 auce
848 1923 973 1977 exhibere
989 1923 1094 1976 Delriue
1108 1921 1222 1974 ellirrnnt
1232 1959 1241 1984 ,
1253 1934 1283 1974 ut
1296 1923 1377 1977 etiem
1387 1933 1450 1976 ‹ent
1495 1953 1498 1960 ·

381 2007 453 2060 leree
463 2005 566 2056 Tenere
579 2001 687 2073 laqueo,
697 2021 834 2074 premere,
846 2017 897 2058 etc.
910 2029 921 2050 ·
931 2004 1178 2073 Verumenepectue
1188 2000 1255 2054 mihi
1268 2001 1450 2066 Lovnnieneia,

383 2085 547 2154 ubicumque
559 2083 705 2154 generatim
717 2083 845 2155 loquitur,
860 2101 910 2136 nec
926 2084 1053 2153 oujneque
1067 2079 1166 2135 codicie
1181 2081 1251 2151 iprae
1260 2093 1452 2135 commemorat

382 2164 537 2235 scriptorem
550 2163 622 2216 velut
631 2163 751 2216 hocloco
764 2162 844 2216 nnim
856 2158 1040 2217 tantummodo
1052 2160 1263 2233 Mogontineneie
1276 2160 1354 2232 ponit
1363 2159 1448 2214 hanc:

842 2279 888 2326 reti
899 2280 937 2327 vel
947 2279 1035 2326 calamo
1044 2278 1104 2325 levi:

601 2357 715 2420 Decipere
731 2358 837 2405 volueret
853 2367 930 2414 crete,
941 2358 1041 2405 calrmoe
1052 2367 1138 2419 queant
1152 2354 1197 2402 lerl

602 2440 692 2486 Tenere
706 2437 798 2498 laqueo.

382 2566 443 2630 Qne
455 2565 476 2617 ei
489 2561 588 2616 elicnbi
600 2561 756 2614 similiorem
771 2579 825 2614 sue
839 2561 922 2631 ipeiue
936 2560 1043 2614 lectioni
1053 2562 1194 2614 invenirem
1206 2560 1234 2614 in
1243 2560 1320 2614 MSS.
1332 2579 1391 2615 earn
1402 2580 1451 2632 po·

383 2647 450 2707 tine,
461 2655 491 2695 nt
506 2643 613 2714 opinor,
624 2640 833 2712 perecripeieeet,
845 2658 901 2711 qno
914 2651 1096 2694 commentum
1112 2651 1254 2712 tantopere
1266 2642 1389 2712 exagitati
1399 2642 1450 2695 r·-

381 2723 460 2776 bricii
475 2721 648 2775 refelleretur.
670 2719 737 2774 Nem
758 2719 924 2790 Mogontiaci
940 2718 1010 2772 ietud
1025 2720 1130 2772 calamos
1150 2732 1238 2791 queunt
1254 2722 1300 2774 leri
1315 2722 1375 2792 quie
1391 2739 1448 2776 non

381 2801 456 2856 videt
469 2801 497 2854 in
512 2799 695 2871 superioribus
707 2799 855 2870 subiectum
872 2817 929 2853 eeee
942 2796 952 2860 (
957 2801 1094 2871 calamoque
1106 2811 1149 2850 ont
1165 2790 1247 2866 leri)¹’
1260 2801 1294 2854 Et
1307 2800 1446 2856 Fabriciua

381 2880 491 2952 quidem
509 2881 536 2934 in
557 2879 758 2950 Regiomonteni
772 2877 866 2931 codice
879 2898 986 2949 proreua
1001 2879 1071 2932 idem
1091 2880 1220 2949 reperiere
1240 2881 1307 2934 mihi
1322 2879 1445 2949 videtur,

381 2959 455 3035 qnod
473 2980 523 3013 noe
533 2959 561 3012 in
574 2959 743 3027 ‘l'rejectino;
757 2958 857 3030 alioqui
871 2959 1022 3012 monuieeet.
1037 2959 1172 3012 Hebemue
1185 2958 1267 3030 igitur
1283 2960 1337 3013 duo
1350 2959 1444 3030 explo-

381 3053 447 3096 rate
460 3038 522 3093 lidei
536 3040 627 3104 libror,
634 3056 702 3110 quoe
715 3037 817 3090 ceterie
826 3037 973 3107 nugatoriis
982 3055 1160 3110 opponamus.
1175 3038 1243 3091 Nam
1257 3057 1336 3110 unge
1347 3040 1444 3112 procul

382 3121 466 3176 dubio
479 3121 534 3173 intre
552 3132 630 3183 eunt,
651 3117 740 3172 verbis
751 3117 794 3168 vel
804 3117 897 3169 calamo
915 3118 961 3170 leri
979 3117 1095 3187 Decipere
1112 3117 1222 3171 volucres
1237 3120 1444 3192 appingentium

383 3203 424 3254 eei
436 3213 501 3252 crare
513 3240 521 3262 ,
534 3211 579 3251 'ant
591 3200 691 3271 laqueo,
708 3217 766 3270 qun
782 3198 921 3250 invenient
934 3195 1042 3268 quidam
1057 3199 1125 3250 inter
1141 3196 1222 3251 lineae
1233 3201 1380 3270 perecripta
1393 3218 1443 3252 vo-

381 3281 484 3336 cabulie
494 3278 652 3349 quibusdem
665 3278 708 3331 rel
721 3296 800 3349 cupre
810 3277 940 3348 repertio,
953 3277 994 3330 vel
1008 3275 1042 3329 de
1059 3296 1107 3330 eno
1122 3275 1239 3340 additis,
1254 3279 1387 3350 explevit,
1410 3293 1442 3332 ut

382 3377 473 3413 verene
483 3396 492 3425 ,
502 3359 523 3412 ei
538 3358 595 3412 Diie
606 3359 711 3429 placet,
728 3376 814 3410 uovue
824 3356 1037 3410 concinnaretur.
1050 3357 1104 3422 Qni
1120 3376 1211 3410 verene
1227 3359 1260 3410 ab
1280 3360 1335 3430 ipen
1352 3371 1444 3412 mente

381 3439 520 3509 ecriptorie
531 3438 639 3507 periitne
648 3437 773 3490 abhorret
785 3458 791 3488 ε
805 3455 866 3489 narn
878 3436 934 3489 eive
947 3437 1064 3508 legumus
1078 3454 1138 3489 cnm
1153 3437 1279 3490 Asceneio
1293 3450 1318 3490 et
1334 3439 1442 3492 Delrio:

384 3546 395 3569 ι
404 3519 534 3587 Decipere
544 3516 665 3569 volucres
675 3530 747 3568 crate
755 3533 761 3567 τ
770 3533 862 3568 cerroe
870 3527 915 3568 ent
926 3517 996 3569 leuce
1005 3511 1015 3578 (
1021 3519 1128 3570 decenn
1135 3513 1207 3578 loris)
1216 3518 1320 3570 Tenere
1330 3518 1443 3589 laqueo:

379 3615 522 3669 premere,
537 3609 587 3648 etc.
597 3623 610 3642 ι
626 3595 681 3648 eive
693 3595 800 3648 luterem
811 3595 929 3649 levemur
940 3613 1000 3648 cum
1013 3595 1150 3650 Gronovio
1167 3610 1313 3667 reponente
1331 3623 1341 3644 ι
1354 3597 1443 3650 flucti-

379 3679 431 3730 bne
445 3689 526 3728 tector
540 3677 613 3746 greri
623 3675 767 3728 Extrnhere
780 3675 864 3746 piecee
874 3687 948 3740 rete,
965 3675 1007 3727 vel
1022 3676 1122 3728 cnlnmo
1133 3687 1179 3729 out
1190 3676 1265 3728 brevi
1276 3676 1369 3748 Decip.
1384 3678 1444 3730 vol.
1558 3689 1559 3708 l

381 3769 567 3819 crate,cervoe
581 3768 626 3807 out
641 3755 712 3808 leves
722 3755 788 3808 Ten.
806 3754 876 3826 laq.»
886 3792 893 3818 ,
903 3755 931 3806 in
948 3755 1045 3825 quibus
1059 3757 1086 3808 τὸ
1101 3759 1173 3824 gruel
1183 3755 1292 3826 quidem
1303 3775 1358 3808 non
1372 3757 1443 3811 male

380 3835 491 3908 explicat
506 3837 605 3904 μιστόν,
619 3834 664 3887 sed
676 3853 746 3888 nove
755 3847 844 3886 omrem
855 3835 943 3886 brevem
953 3835 1067 3905 opponit
1078 3835 1254 3906 amplioribus
1267 3836 1398 3899 crntibue,
1413 3837 1443 3889 in

378 3934 460 3990 opere
475 3914 574 3968 ruetico
591 3915 736 3985 militiaque
750 3914 850 3968 usitatie
863 3935 869 3965 :
883 3914 1010 3986 quianon
1029 3916 1123 3980 sentit,
1138 3927 1257 3987 poetam,
1271 3916 1293 3968 ei
1307 3913 1341 3968 de
1355 3916 1443 3969 cereis

377 3996 469 4051 dicere
483 3995 620 4059 roluieeet,
642 3994 706 4047 alibi
719 3992 747 4046 id
764 3994 792 4046 in
808 3995 861 4048 hoc
876 3995 941 4047 orlrc
961 3994 1088 4048 orationis
1104 3995 1236 4048 lecturum
1256 3994 1351 4062 iniere,
1371 3995 1443 4048 circe
1554 3993 1555 3996 ’

375 4078 456 4132 verba
466 4105 480 4154 Ιι
490 4073 562 4148 qnod
573 4075 649 4145 requi
663 4093 741 4128 curan
758 4073 825 4128 serae
837 4072 956 4127 Anderet
972 4092 1044 4128 acres
1056 4079 1083 4123 Ρ·
1099 4071 1271 4148 Abjiciendns
1284 4075 1364 4146 igitur
1378 4093 1442 4129 cum
1553 4111 1554 4120 η
