3130 5118
399 559 935 631 ANIMADVERSIONES.
1135 555 1201 628 165

137 681 260 826 elpee‘tiuspl(
269 691 304 745 de
318 692 443 763 Scaligeri
454 705 606 746 commento
620 711 677 745 acm
692 711 726 746 ne
739 690 825 746 dicem
834 687 845 756 J
854 691 938 745 Jnnus
951 688 1122 762 llutgenius,
1135 675 1200 745 Ver.

187 785 211 826 .t.
262 811 270 837 ,
286 775 321 827 6:

341 883 393 940 Qun
405 879 490 944 temple
505 880 589 927 tollens
602 890 654 926 acta
664 881 739 928 Ceurei
749 883 824 936 lovis,
835 889 879 927 eto.

138 993 281 1064 AEsuhylus
290 993 401 1052 Κηναίου
411 996 465 1056 Διὸς
476 994 553 1050 des-is
566 990 649 1056 dixit,
658 992 803 1066 Sophocles
813 993 889 1053 ἀκτὴν
899 985 1034 1057 illidendo,
1045 989 1128 1063 quiet
1138 989 1201 1043 elib.
1220 1031 1222 1038 ,

137 1073 177 1128 sic
188 1073 217 1126 iu
230 1073 398 1128 Tndtiniie:

339 1169 408 1234 lessi
422 1198 459 1239 τις
475 1178 640 1248 ἀμφίκλυστος
656 1174 762 1238 Εὖθοίας
775 1176 848 1248 depos
891 1195 896 1204 ¹

338 1270 445 1328 Kisso'r
457 1271 532 1323 lutis.

139 1392 238 1446 Noster
250 1391 321 1444 infru
338 1391 395 1458 839
407 1409 414 1444 :

344 1497 414 1543 Nunc
426 1497 512 1559 puppis
522 1497 585 1544 illum
596 1496 660 1542 lt'lore
670 1497 769 1543 Euboico
784 1495 863 1545 refert.

142 1608 251 1662 Prutuli
264 1620 353 1661 temen
366 1629 425 1674 ora,
440 1626 522 1679 quum
537 1619 677 1680 propterea
688 1606 761 1678 quod
771 1608 883 1662 similius
892 1620 930 1662 est
939 1608 1063 1682 vulgato,
1077 1622 1132 1664 tum
1144 1613 1206 1683 quis

139 1689 235 1760 saepius
245 1687 298 1742 lroo
312 1688 392 1760 Treg.
406 1688 499 1753 utitur,
512 1689 595 1742 altero
612 1706 646 1740 ue
658 1689 740 1742 semel
754 1686 873 1759 quidem.
883 1690 967 1742 Bure.
978 1721 1018 1732 -—
1027 1689 1084 1744 Nos
1095 1693 1122 1746 ri
1136 1692 1206 1746 Gro-

140 1770 285 1826 uovisnum
300 1787 344 1819 ura
355 1768 510 1822 retinemus.

185 1848 247 1902 103.
275 1847 368 1900 Austro
391 1847 486 1900 timend.
509 1846 630 1900 Gronov.
653 1848 731 1900 Assm
759 1847 906 1910 timendum
935 1859 961 1902 et
987 1846 1063 1903 addit
1079 1868 1086 1902 s
1111 1876 1123 1898 ι
1141 1851 1207 1904 ulio·

140 1947 203 1982 rum
216 1928 324 1992 Ausim,
336 1925 408 1998 quod
425 1927 518 1980 frustra
530 1939 620 1979 arcent
632 1925 713 1980 Grut.
730 1928 902 1989 membruuse,
921 1946 976 1980 uou
995 1927 1076 1982 ruodo
1094 1930 1206 2002 Herbip.

141 2021 169 2061 et
183 2010 254 2060 Ven.
268 2004 352 2059 sedet
365 2006 438 2061 Flor.
453 2019 478 2058 et
494 2007 571 2058 Voss.
589 2004 724 2060 adserunt.
743 2007 819 2060 Meus
829 2026 936 2080 quoque
949 2021 975 2060 et
988 2006 1145 2062 Heinsiuuus
1156 2011 1207 2062 rni-

140 2106 193 2141 nor
202 2104 208 2138 :
221 2086 340 2138 Haurtro.
353 2087 457 2138 Abeant
468 2085 563 2156 igitur,
576 2103 637 2137 curn
648 2104 695 2138 suo
705 2087 833 2151 Arcturo,
840 2087 885 2158 qui
894 2106 948 2140 nou
957 2085 1106 2142 Euboicum
1115 2087 1206 2157 modo,

141 2165 188 2220 sed
199 2184 279 2220 omne
292 2183 364 2218 mare
377 2163 466 2220 reddit
478 2162 642 2230 timendum,
656 2177 706 2218 etc.
720 2192 731 2213 ι
749 2165 823 2218 MSS.
840 2185 947 2232 omnes,
960 2169 1045 2220 Astra.

185 2248 247 2298 108.
267 2246 355 2296 Posuit
365 2246 476 2316 fluminis
496 2244 581 2296 ultimi.
603 2246 700 2315 Seripti
721 2244 828 2316 quidem
849 2244 928 2299 codd.
943 2247 1055 2308 luminis,-
1072 2244 1146 2316 quod
1167 2247 1206 2300 sit

142 2325 288 2388 Gruterus,
299 2323 390 2377 videre
401 2344 428 2378 sc
441 2323 574 2376 contextui
585 2322 723 2376 inseruisse
735 2323 877 2394 quosdam,
887 2322 932 2377 sed
942 2343 996 2377 non
1009 2326 1087 2377 etiem
1101 2343 1204 2380 esuum

141 2424 224 2478 quere
236 2405 405 2458 inseruerint.
424 2406 479 2458 Nus
488 2415 577 2458 tamen
589 2403 667 2456 etium
684 2403 711 2456 iu
726 2404 907 2474 compluribus
919 2401 946 2456 id
962 2404 1121 2474 reperimus,
1134 2417 1162 2458 ut
1175 2407 1202 2458 in
1242 2440 1247 2451 ι

141 2483 299 2556 quibusdem
314 2486 412 2538 liminis.

186 2582 250 2618 ιιι.
268 2565 339 2616 Illum
352 2567 375 2614 ri
387 2563 491 2616 medio..
506 2601 527 2616 ..
540 2573 617 2633 speret
628 2565 653 2614 in
664 2582 765 2636 equore.
780 2563 843 2616 Hrec
853 2563 932 2615 lectio
946 2582 1001 2616 nou
1012 2563 1039 2614 iu
1056 2581 1088 2616 eo
1099 2577 1203 2618 tanturn

142 2641 359 2714 reprehendenda
372 2657 425 2707 est,
440 2640 552 2714 quodsi
565 2661 634 2713 qteum
645 2643 804 2712 ineleganter
814 2643 956 2714 repetitur,
968 2641 1013 2695 sed
1023 2643 1112 2696 falsam
1125 2645 1204 2706 elisur

142 2724 297 2776 sententiam
311 2723 404 2788 habet,
414 2722 436 2775 si
447 2721 554 2793 quidem
569 2721 692 2792 expulsus
707 2724 843 2792 Zephyrus
856 2741 910 2775 non
924 2723 1036 2793 amplius
1048 2723 1148 2778 scilieet
1162 2723 1204 2786 di·

143 2800 210 2856 vidit
225 2821 286 2856 cunt
302 2804 373 2855 Euro
390 2821 476 2866 snare,
490 2801 536 2854 sed
551 2801 596 2852 hic
612 2802 685 2854 solus
703 2814 760 2854 turn
783 2814 884 2872 regnat.
901 2803 1017 2866 Quinam
1035 2802 1117 2873 igitur
1130 2804 1204 2857 venti

145 2881 272 2937 dicuntur
287 2880 407 2936 dividere
423 2899 510 2944 mere,
526 2893 552 2933 et
573 2881 903 2951 quosensu?1nterpres:
925 2905 935 2924 ι
945 2882 1081 2947 Victores,
1099 2883 1203 2952 inquit,

145 2963 215 3015 renti
236 2963 324 3016 Eurus
343 2973 370 3013 et
391 2959 497 3012 Africus
516 2978 588 3012 mure
609 2959 746 3026 scindunt,
762 2962 869 3032 ejusque
881 2960 933 3014 sibi
950 2959 1098 3015 dominium
1115 2961 1203 3016 vindi·

144 3056 210 3095 cent.
225 3068 236 3089 ι
255 3043 295 3094 De
309 3060 375 3093 voce
388 3039 496 3092 dissiliunt
507 3039 590 3104 cavit,
602 3059 635 3092 ne
653 3040 680 3092 in
694 3041 846 3093 ulterutram
860 3053 962 3110 purtem
978 3054 1114 3111 peccaret:
1130 3055 1201 3096 utre·

145 3141 194 3194 que
209 3121 281 3174 enim
298 3132 438 3192 potestate,
447 3137 505 3188 quse
519 3119 606 3171 locum
617 3119 716 3172 hebere
727 3132 828 3190 potest,
841 3119 920 3172 simul
933 3132 1085 3188 usurpatam
1099 3134 1200 3183 censet,

146 3199 216 3272 quod
231 3201 361 3272 ineptum.
377 3197 429 3252 Sed
443 3198 553 3250 omnino
571 3197 649 3250 falsus
668 3212 719 3260 est,
738 3211 768 3252 ut
786 3197 832 3268 qui
852 3200 890 3252 sio
908 3199 1110 3268 interpretetur,
1128 3201 1202 3271 quasi

146 3300 199 3333 non
215 3281 284 3345 Aut,
295 3279 340 3332 scd
353 3279 479 3349 scripturn
493 3278 551 3330 sits
569 3278 666 3332 Seneca
681 3281 762 3351 Atque
775 3279 864 3332 Eurus.
876 3277 949 3344 Quid
965 3279 1066 3332 mults?
1081 3280 1204 3334 nonnihil

145 3361 252 3414 allectus
272 3373 311 3412 est
329 3359 420 3423 locus,
439 3354 634 3427 legendumque
652 3359 745 3428 procul
767 3356 851 3410 dubio
868 3361 910 3429 an'
931 3377 996 3408 mare
1016 3358 1144 3421 dividunt,
1173 3372 1204 3414 ut

147 3459 237 3492 omues
250 3439 292 3492 isti
307 3439 487 3508 intelligantur
503 3437 575 3490 venti
594 3448 724 3506 quatuor,
735 3455 802 3508 quos
817 3436 977 3490 nominarit:
993 3456 1055 3491 uem
1066 3437 1095 3489 hi
1109 3439 1203 3510 pruci-

146 3519 192 3589 pui
212 3531 239 3571 et
256 3519 340 3590 poetis
361 3517 416 3570 fere
432 3515 536 3579 usitati,
552 3529 581 3569 ut
604 3528 693 3568 monet
713 3515 880 3581 Gronovius,
900 3514 934 3568 ad
951 3516 1034 3588 Hipp.
1053 3535 1138 3586 1¹²9·
1152 3520 1205 3572 Vel

146 3603 250 3671 quintum
264 3617 313 3669 pro
328 3589 441 3669 quintare
454 3597 570 3649 habuere
584 3593 703 3660 librarii,
718 3608 748 3648 ut
759 3598 798 3647 crts'
812 3615 938 3666 procum,
955 3595 1016 3649 Oct.
1035 3603 1101 3667 497,
1113 3599 1153 3651 vel
1168 3603 1207 3652 cui

146 3679 270 3750 fortepro
284 3681 326 3750 qui
337 3677 466 3747 scripturn
477 3716 484 3739 ,
495 3693 577 3746 quum
590 3693 700 3744 sequens
711 3675 738 3730 iu
751 3693 778 3727 se
791 3675 988 3746 agglutinasset,
999 3677 1027 3728 in
1041 3696 1111 3748 quum
1123 3691 1208 3732 muts-

148 3771 333 3829 tumes13quu
346 3755 380 3809 de
391 3776 421 3809 re
432 3754 490 3809 sid.
503 3757 528 3807 J.
541 3753 699 3806 Gulielmius
715 3768 740 3807 et
750 3755 906 3826 interpretes
919 3754 952 3808 ad
966 3755 1053 3809 Plauti
1070 3756 1128 3810 Ces.
1143 3758 1208 3828 6492

146 3839 204 3890 lloc
219 3857 314 3892 uuum.
329 3834 382 3889 Sed
395 3834 466 3888 huud
484 3834 578 3888 ntelius
592 3846 644 3898 est,
658 3831 729 3903 quod
756 3834 819 3887 item
838 3833 933 3905 legitur
956 3835 984 3887 lt.
1007 3835 1025 3889 l.
1047 3836 1074 3890 in
1098 3838 1210 3908 vulgetis

145 3915 237 3972 libris:

346 4013 399 4057 Non
413 4010 498 4072 puppis
509 4011 590 4056 luceru
604 4009 717 4070 lrugmiue
730 4009 829 4071 colligit.

350 4088 381 4132 Ut
397 4086 451 4132 litus
463 4084 541 4132 medio
552 4094 629 4146 speret
644 4087 668 4129 iu
682 4099 783 4145 equore.

145 4202 200 4267 Qui
216 4202 298 4254 lromo
312 4197 429 4269 disjectas
441 4199 516 4251 trevis
530 4216 582 4250 sure
597 4198 741 4267 fragmenta
758 4193 877 4264 colligit,
888 4213 940 4247 non
958 4207 1098 4265 propterea
1111 4193 1138 4247 id
1154 4195 1215 4248 lucit

1029 4315 1038 4358 ι
1055 4315 1062 4357 ι
1077 4286 1090 4330 ³
