3130 5118
277 541 279 546 ’
378 551 908 620 ANIMADVERSIONES.
1110 577 1170 648 ¹7¹

67 645 69 712 l
137 662 202 741 nliti
207 677 279 750 quod
291 692 378 734 tamen
393 681 586 737 recentioribus
600 682 638 736 its
649 682 766 752 plectris,
776 681 866 752 iuquit
879 683 1026 746 Gruterus,
1039 696 1069 736 ut
1081 685 1178 738 retule-

136 760 177 810 rint
195 757 219 810 iu
237 771 408 812 contextum:
426 773 453 813 at
467 761 532 814 mihi
550 763 661 816 omuino
677 760 805 832 frigidum
824 773 884 815 est:
905 762 961 816 scio
979 760 1088 832 quidem
1105 762 1175 818 diem

135 857 171 890 sss
181 849 268 892 turem
280 835 327 892 ssd
338 858 427 892 uocare
441 859 497 897 non
508 855 591 912 puto,
609 843 660 896 uisi
671 841 755 912 ligura
768 839 916 896 sdmsdum
931 841 1085 913 longinque.

165 935 220 989 336.
231 937 359 988 Nascetur.
375 936 449 990 Indos
461 951 517 989 nure
526 939 641 1008 glacialis
645 940 726 1010 polus.
740 938 816 992 MSS.
828 955 923 991 omnes
933 937 1013 1002 daut,
1027 965 1038 986 ι
1047 937 1176 994 Nascetur

67 1062 69 1102 l
133 1013 191 1067 ludis
202 1034 208 1066 :
219 1029 278 1069 ante
291 1016 429 1086 glacialem
444 1017 545 1087 polum.
561 1043 573 1066 s

68 1125 70 1178 j
163 1106 219 1178 337.
233 1105 334 1177 inficiet.
348 1108 473 1181 Plerique
488 1109 554 1162 libb.
569 1123 595 1163 et
610 1109 670 1162 MS.
686 1108 786 1180 afficiet.

66 1214 68 1245 ι
163 1199 220 1268 339.
238 1199 295 1252 Meo
309 1201 408 1270 jugules
426 1205 552 1272 sangnine.
567 1201 633 1257 Fere
644 1222 735 1256 omnes
747 1203 823 1257 MSS.
833 1203 1001 1274 meojugsls's.
1014 1202 1072 1256 MS.
1088 1205 1177 1267 8064,

134 1295 202 1331 ιιιιεο
211 1280 291 1350 jugali
303 1281 436 1335 semiue.

67 1362 70 1415 l
161 1357 219 1421 344.
235 1359 347 1412 Herculis
365 1373 502 1432 nuptnms
484 1363 550 1414 li.bst
577 1363 649 1415 Dant
664 1361 767 1433 aliquot
791 1362 905 1416 MSS·
925 1361 1034 1416 Herculi
1058 1365 1173 1434 junctam

67 1421 70 1507 l
129 1437 191 1501 libet;
212 1437 294 1502 alii,
307 1439 366 1493 Η.
376 1442 599 1511 junctamlicet.
616 1442 688 1508 Quas
701 1442 828 1496 lectiones
843 1441 921 1495 valde
935 1444 1092 1513 comprobat
1102 1443 1176 1513 inps

67 1520 71 1591 l
130 1515 221 1582 Ceteri,
244 1479 306 1571 Η.
322 1519 437 1573 vinctam
448 1521 550 1574 hbet

66 1593 70 1717 ξ
159 1596 207 1661 346
212 1598 362 1660 .Evelluns‚·
382 1599 459 1654 MSS.
472 1603 581 1654 asellam.

67 1754 69 1801 l

160 1688 217 1743 352.
227 1691 392 1758 Quidcnssum
400 1697 475 1747 times.
486 1694 565 1747 Grut.
578 1715 601 1766 q.
612 1713 691 1746 casum
701 1688 790 1746 times?
800 1706 827 1746 ct
838 1693 938 1760 addin·
947 1692 1062 1766 conjecit
1069 1691 1176 1762 Lipsius

126 1788 202 1821 uuum
213 1767 380 1824 adverbiale.
374 1790 380 1802 ·
393 1784 420 1824 ct
434 1791 515 1844 quum
530 1775 566 1836 ita
581 1775 711 1846 repererit
724 1775 752 1826 in
762 1773 833 1828 binis
845 1771 922 1828 codd.
932 1773 1053 1838 belrius,
1063 1769 1140 1826 cedet
1150 1773 1176 1826 ci

125 1849 314 1999 ἓξϊίἰϊιὲιιιιιι,
335 1850 398 1904 licet
411 1853 508 1906 fultum
525 1853 591 1907 Poll.
608 1853 748 1921 omnibus,
771 1853 855 1926 idque
871 1854 1036 1926 cupientibus
1055 1851 1089 1905 ds
1105 1864 1173 1906 statu

156 2023 217 2080 356.
229 2025 390 2098 Multumque.
403 2027 477 2082 Flos.
494 2029 660 2103 Vultusque,
678 2029 849 2084 undeGron.
870 2029 1060 2100 vultumque
1079 2028 1175 2081 anilem

123 2106 203 2170 traxit,
217 2119 294 2160 etc.
320 2107 446 2160 Potuitne
466 2111 542 2180 pejus
558 2110 586 2162 in
609 2109 823 2164 adolescentula?
835 2110 948 2164 Faciunt
964 2107 1033 2172 huc,
1057 2127 1116 2180 qua
1140 2107 1175 2160 ad

120 2183 202 2238 Pliten.
218 2188 290 2249 18²,
315 2187 384 2239 Dan.
400 2187 538 2254 Heinsius,
554 2191 602 2242 ubi
619 2209 714 2261 parum
732 2204 849 2246 curatum
860 2209 917 2242 rem
931 2189 1067 2242 metricam
1081 2205 1176 2258 cupro·

122 2263 189 2317 brnus
203 2266 330 2336 stipsis
343 2285 352 2316 s
366 2289 377 2310 ι
389 2268 472 2332 Sane,
487 2269 588 2340 inquit,
604 2271 716 2323 eximius
731 2271 834 2324 viriste
849 2268 982 2322 beneficio
995 2267 1090 2337 optimi
1111 2267 1174 2319 libri

120 2343 223 2412 plurima
237 2345 269 2398 in
287 2359 393 2399 auctore
408 2347 460 2400 hoc
480 2348 631 2404 felicissime
648 2348 805 2404 emendavit.
824 2348 876 2402 Sed
894 2366 953 2418 quse
969 2346 1051 2399 domo
1069 2344 1175 2411 adfert,

120 2441 178 2493 supe
189 2424 265 2480 aliud
280 2427 367 2496 agenti
383 2426 513 2481 excidisse
526 2447 581 2480 uon
598 2427 759 2482 dubitamus.
780 2428 905 2482 Molcvoli
923 2427 958 2480 sit
970 2426 1089 2478 hominis
1100 2443 1176 2478 secus

118 2515 209 2570 putare.
220 2506 316 2575 Neque
326 2505 402 2559 aliter
413 2506 447 2560 de
457 2509 558 2577 magnis
567 2509 629 2560 viris
641 2507 813 2579 loquendum.
822 2509 888 2572 Quo
896 2525 978 2576 quum
985 2504 1071 2558 obiter
1082 2523 1174 2558 mone·

117 2599 177 2650 mus,
190 2584 332 2638 malevolis
347 2587 546 2657 prreripismus,
562 2607 597 2640 ue
618 2589 783 2659 triumphum
802 2600 914 2661 propter
930 2604 1019 2640 navos
1031 2584 1174 2640 homiuum

115 2678 266 2791 §rugnosum
279 2663 392 2731 ducent,
413 2685 496 2737 quum
513 2666 624 2720 virtutes
639 2686 732 2722 eorum
752 2687 831 2722 seusu
847 2667 948 2738 assequi
962 2683 1020 2720 uon
1034 2664 1144 2735 possim.
1159 2689 1171 2712 ι

132 2761 190 2798 ors.

148 2820 213 2877 361.
229 2824 411 2878 Possumus.
428 2827 517 2886 8032,
535 2828 653 2892 forsitan.

145 2901 213 2958 363.
229 2905 332 2956 Dilecta
348 2905 451 2958 Priami.
466 2905 542 2960 MSS.
559 2925 667 2971 omncs,
682 2905 771 2964 dilectu
785 2907 892 2958 Priamo.

145 2997 210 3064 364.
222 3001 346 3055 Concessa
350 3002 449 3070 samrrlo
459 3015 502 3054 est.
517 3003 699 3058 SicCommel.
708 3015 733 3055 ct
742 3003 820 3056 Grut.
828 3005 858 3055 ss
865 3001 940 3054 MSS.
947 3020 1053 3065 omncs,
1064 3021 1174 3053 consessu

106 3077 194 3142 [mula
210 3094 270 3142 est.-
293 3081 356 3134 huic
376 3083 483 3135 lectioni
501 3081 653 3136 adsentiunt
666 3082 815 3146 Pomanus,
829 3082 939 3134 Cantab.
954 3093 979 3134 et
993 3082 1174 3134 Cruserisnus.

110 3157 186 3225 llam,
206 3161 247 3212 ait
262 3162 376 3214 Pontan.
389 3180 545 3231 germanum
557 3165 641 3234 liquet
656 3181 711 3215 esse
727 3181 759 3214 cx
775 3181 808 3214 eo
823 3159 895 3232 quod
907 3159 1048 3230 praecedit:
1068 3187 1079 3209 ι
1093 3162 1120 3212 in
1134 3161 1174 3212 [ι-

109 3239 179 3292 ιιιιΙιυ
199 3240 298 3294 locum
317 3241 407 3311 regius
421 3240 525 3295 cecidit.
539 3267 550 3288 ι
568 3241 619 3295 Sed
634 3257 705 3295 recte
720 3241 850 3294 Gruterus
870 3253 978 3305 monet,
1000 3257 1077 3303 eum,
1099 3242 1178 3310 cujus

108 3321 225 3389 auspiciis
238 3319 342 3392 aliquid
353 3336 470 3393 geratur,
479 3340 571 3374 omncs
581 3321 752 3374 administros
760 3339 814 3373 non
825 3318 940 3373 absurde
948 3321 1177 3386 vocaressmulos,

108 3401 224 3464 quamvis
244 3401 368 3471 alioquin
390 3419 481 3472 pares,
506 3402 588 3454 immo
605 3401 770 3472 superiorc53
792 3414 818 3452 ct
832 3412 984 3471 opportune
1001 3398 1090 3451 laudat
1106 3397 1173 3451 illud

105 3475 199 3532 Valerii
217 3481 312 3533 Flacci
326 3479 361 3533 de
377 3481 535 3551 Argonautis
551 3482 644 3534 insoni
659 3481 868 3534 auscultantibus
886 3497 893 3532 ε
911 3479 1063 3549 «tacitique
1082 3478 1173 3531 sedens

104 3555 131 3608 d
145 3561 222 3629 jum
238 3562 354 3613 missfmd.
366 3585 378 3607 ι

134 3639 203 3707 369.
224 3641 325 3710 Nempe
341 3640 486 3710 Thespiades
497 3652 594 3692 uacent.
608 3638 684 3692 MSS.
698 3639 771 3694 8035
781 3677 789 3703 ‚
801 3665 812 3686 ·
823 3656 924 3692 necme
935 3638 1035 3708 Thesp.
1048 3651 1174 3690 vocant.»

102 3717 187 3785 ⁸026,
207 3745 221 3768 ι
241 3737 345 3791 nempe
360 3738 404 3772 me
424 3719 571 3790 Thespides
584 3731 688 3772 vocant.
699 3745 710 3765 ι
737 3719 857 3771 Gronov.
876 3718 1084 3790 complosisque
1096 3717 1173 3770 MSS.

103 3815 202 3853 vmene
214 3800 326 3870 Theop.
338 3813 434 3853 vocant
445 3805 457 3850 Ρ
470 3801 593 3872 Breviqus
606 3800 634 3852 in
649 3798 715 3851 illas.
731 3823 742 3846 ι
761 3799 869 3851 Delrios
879 3798 1025 3851 encliticam
1041 3796 1179 3858 rddidisse

98 3892 182 3933 flesset
195 3880 253 3950 qui
271 3892 402 3951 cuperent
417 3880 519 3933 hiatum
533 3881 620 3932 sisere
632 3897 639 3931 :
652 3877 697 3931 sed
709 3878 781 3930 illam
797 3879 883 3931 menti
897 3877 1031 3948 loquentis
1043 3877 1173 3930 maculam

96 3972 235 4030 mergere
250 3981 260 4011 :
276 3977 365 4030 eoque
375 3958 525 4013 delendam.
539 3959 590 4012 Cui
602 3971 683 4028 negat
696 3959 826 4012 Gruterus
841 3959 1042 4029 obtemperare:
1057 3974 1117 4008 usna
1129 3975 1179 4028 qus

93 4031 130 4090 lic
141 4041 245 4093 velere
261 4040 361 4104 etiam,
379 4051 406 4092 et
421 4041 537 4110 cujusvis
552 4057 607 4092 esse
621 4039 759 4091 momenti.
774 4037 967 4108 ignoscendum
980 4049 1020 4089 est
1031 4037 1175 4098 ambobus,

93 4113 161 4172 aldis
173 4119 365 4174 Gronovius:
378 4137 433 4172 uon
448 4120 518 4172 euim
530 4118 679 4172 didicerant
690 4139 705 4170 c
718 4118 884 4176 Florentino,
896 4129 1030 4170 auctorem
1042 4114 1181 4185 scripsisse

93 4215 218 4274 *nempe
234 4198 410 4272 Thespiades
420 4213 527 4265 vacant,
538 4199 668 4269 Breviqne
683 4201 710 4251 in
723 4199 789 4250 illas.
801 4223 811 4245 ι
826 4197 913 4250 Vellet
927 4198 985 4250 Nic.
998 4194 1134 4250 Heinsius,
1150 4196 1179 4243 iss
