3220 5128
364 499 435 573 218
566 501 859 572 ADSCRIPTA
881 501 920 571 L.
945 502 987 572 A.
1009 503 1229 576 SENECAE

411 623 555 696 Meliora
574 629 668 696 Deua
686 639 838 720 tempora
854 627 955 695 mitis.

409 741 463 806 Tu
483 736 585 805 modo
604 732 729 804 blando
746 736 843 804 vince
860 735 1021 831 obsequio

372 889 383 912 .
409 845 544 917 Placata
562 846 684 915 virum.
703 869 782 916 ocr.
804 846 948 916 Vincam
964 869 1068 916 servm

409 959 498 1028 Ante
515 955 648 1041 leones,
666 958 834 1050 tigresque
853 969 980 1043 truces,

410 1071 495 1138 Fera
512 1091 614 1162 quam
630 1067 707 1136 saevi
724 1065 827 1136 corda
845 1066 990 1162 tyranni.

410 1174 495 1245 Odit
511 1177 640 1272 genitos
655 1175 817 1270 sanguine
834 1174 945 1263 claro,

410 1288 546 1381 Spernit
560 1290 706 1381 Superos
723 1287 942 1380 hominesque
961 1283 1077 1373 simul,

410 1400 482 1467 Nec
499 1397 668 1465 fortunam
688 1396 780 1492 capit
796 1397 866 1492 ipse
888 1419 999 1483 suam,

410 1508 523 1596 Quam
542 1504 635 1576 dedit
653 1504 702 1575 illi
721 1531 781 1601 per
798 1505 905 1576 scelus
925 1508 1045 1602 iugens
1117 1569 1125 1594 ,

410 1615 554 1688 lnlauda
569 1641 691 1711 parens
706 1641 714 1686 :
732 1615 809 1686 licet
826 1619 995 1712 ingratum

410 1727 502 1797 Dirae
524 1725 647 1823 pudeat
669 1751 807 1796 munere
828 1728 945 1797 matris

407 1838 481 1905 Hoc
499 1836 677 1930 imperium
696 1838 843 1931 cepisee3
865 1834 941 1906 licet

412 1948 560 2014 Tantum
578 1969 701 2014 munus
723 1960 832 2016 morte
854 1945 1034 2042 rependat:

415 2049 516 2124 Feret
535 2054 626 2125 hunc
648 2053 784 2124 titulum
802 2070 879 2150 post
900 2057 968 2126 fata
988 2071 1099 2126 tamen

412 2165 550 2236 Femina
571 2163 672 2260 longo
689 2189 819 2262 semper
837 2165 872 2235 in
892 2191 971 2235 aevo.

412 2299 521 2346 nuru.
545 2275 660 2347 Animi
681 2277 787 2346 retine
805 2277 905 2346 verba
928 2275 1090 2364 furentis3

410 2387 549 2454 Temere
567 2387 721 2454 emissam
742 2387 927 2481 comprime
941 2409 1067 2455 vocem.
1403 2417 1432 2456 aa

411 2519 487 2566 oor.
504 2493 691 2566 Toleranda
708 2497 862 2592 quamvis
879 2497 1000 2593 patiar,
1011 2493 1102 2565 haud
1115 2519 1263 2589 unquam
1279 2507 1420 2589 queant,

407 2734 453 2784 tc.
475 2731 541 2783 Ante
553 2729 638 2783 hom.
653 2730 716 2783 llac
727 2729 761 2783 de
770 2730 879 2785 Nerone
921 2731 967 2786 Ad
984 2729 1095 2786 modum
1109 2729 1232 2804 Diouyaii
1252 2730 1375 2803 tyranni,
1396 2729 1433 2786 de

368 2812 477 2882 ejuaque
502 2809 613 2862 immani
635 2809 734 2862 aevitia
750 2809 880 2875 Octavia,
921 2831 976 2886 quo
997 2813 1143 2865 Eubulna:
1165 2813 1270 2872 Τούτους
1293 2806 1433 2882 δ’ἡγιῖται

365 2889 488 2944 leonibus
503 2889 589 2960 iprum
603 2901 629 2941 et
643 2887 756 2959 tigrium
770 2907 877 2962 compa·
921 2896 1007 2963 μόνους
1023 2882 1176 2962 ὲλιυθίρους,
1189 2891 1235 2944 adr
1254 2885 1341 2952 δοῦλος
1355 2888 1433 2960 dare.

367 2980 448 3030 rana3
482 2965 710 3039 quemadmodum
741 2981 768 3021 et
794 2969 878 3024 Divua
962 2967 1273 3042 89.Spemit,etc.llid.
1287 2969 1434 3026 Animadv.

366 3047 464 3103 Paulua
477 3046 511 3102 ad
523 3047 643 3102 Timoth.
658 3047 703 3114 ll,
719 3065 777 3120 cap.
791 3056 879 3113 Am.
962 3070 1007 3121 9⁰·
1023 3051 1077 3104 Nee
1084 3053 1212 3120 fortunam
1224 3053 1300 3120 capit,
1317 3061 1370 3103 etc.
1386 3052 1435 3104 Se-

371 3149 426 3200 17,
440 3127 476 3184 de
496 3125 590 3182 eodem
615 3127 724 3181 Nerone
747 3127 878 3199 loquens,
919 3129 1008 3185 cunda
1021 3130 1128 3184 fortuna
1139 3131 1229 3184 ebrius
1238 3143 1265 3183 et
1275 3129 1368 3194 elatus,
1380 3129 1433 3183 aibi

369 3236 382 3257 ι
393 3209 533 3263 liberatum
546 3225 584 3273 ae,
600 3207 650 3269 ait.
661 3206 695 3261 de
706 3226 753 3261 ore
763 3208 875 3262 leonia.»
920 3221 1069 3282 temperare
1080 3229 1134 3263 non
1146 3221 1250 3281 potest,
1262 3227 1312 3263 nec
1322 3227 1350 3262 ae
1361 3209 1433 3264 intra

368 3289 440 3344 Facit
455 3289 507 3343 huc
519 3289 562 3341 vel
579 3286 710 3353 maxime,
723 3287 834 3359 insignia
847 3305 879 3340 ex
920 3287 1004 3343 officii
1017 3291 1084 3344 linea
1095 3290 1240 3344 continere.

365 3370 449 3423 vetari
466 3367 550 3422 achel.
564 3365 702 3421 luvenalis
719 3367 813 3430 locut,
830 3367 878 3420 ubi
962 3387 1009 3438 9¹·
1019 3369 1110 3424 Scelus.
1119 3367 1226 3424 Caedem
1239 3365 1354 3422 Claudii.
1365 3367 1431 3440 Sup.

366 3448 436 3502 inter
447 3449 506 3510 alia,
517 3445 551 3501 ad
563 3447 653 3513 Satv,
666 3452 729 3517 147,
738 3447 774 3500 ita
783 3447 877 3500 babet:
919 3467 947 3502 v.
966 3447 1012 3513 45.

371 3554 382 3576 ι
396 3529 495 3582 Seneca
512 3528 546 3580 ab
556 3528 708 3598 Agrippina
727 3525 877 3580 erudiendo
961 3529 1008 3597 95.
1032 3530 1109 3582 Licet.
1124 3527 1201 3581 Licet
1212 3538 1323 3580 matrem
1335 3525 1433 3598 Agrip-

367 3609 467 3662 Neroni
488 3607 516 3658 in
531 3607 659 3678 palatium
674 3603 815 3671 adductus,
830 3625 877 3659 aec-
918 3607 1031 3678 pinam,
1045 3611 1123 3681 cujus
1136 3605 1272 3660 maleficiis
1290 3607 1432 3677 imperium

367 3707 431 3742 vum
444 3687 639 3757 immanemque
655 3697 747 3739 natum
759 3699 785 3739 et
797 3686 877 3739 sensit
919 3685 1034 3758 adeptus
1061 3701 1116 3754 eet,
1140 3687 1207 3741 mori
1229 3685 1349 3758 jusserit.
1376 3685 1432 3739 lut.

366 3769 421 3821 cito
435 3778 462 3820 et
478 3765 619 3836 mitigavit.
640 3765 714 3818 luter
733 3765 876 3818 familiares
920 3785 959 3820 va.
975 3767 1040 3821 305.

368 3861 456 3900 tamen
475 3845 569 3898 aolitua
590 3843 679 3899 dicere
701 3861 709 3898 ε
733 3845 794 3898 Non
817 3847 876 3899 fore
961 3851 1008 3912 96.
1020 3847 1138 3899 Titulum.
1150 3846 1290 3898 Honorem
1302 3838 1332 3906 (ei
1348 3845 1383 3898 ita
1396 3845 1435 3898 lo-

368 3945 437 3982 aaro
464 3925 505 3979 illi
530 3925 626 3989 leoni,
656 3926 738 3997 quin,
774 3938 877 3995 gustato
921 3915 1454 3998 quilaaest)partililioimperii:quod'

338 4069 342 4078 ,
367 4007 447 4061 aemel
458 4003 574 4060 hominia
584 4023 680 4060 cruore
689 4045 697 4071 ,
707 4003 824 4076 ingenita
835 4024 876 4057 re·
920 4023 968 4076 per
978 4007 1067 4059 matria
1076 4005 1220 4059 auaacelua
1228 4005 1343 4074 imperat
1351 4004 1434 4058 Nero.

336 4113 338 4128 ι
367 4087 428 4140 deat
443 4085 577 4140 sevitia..
598 4087 721 4138 Ponam.
961 4104 1009 4156 97.
1026 4086 1138 4139 Femina.
1153 4085 1229 4138 llliua
1247 4095 1340 4136 mater.

408 4169 453 4222 88.
473 4166 535 4220 Odit
551 4171 644 4236 gerallus
666 4167 784 4235 sunguine
800 4163 873 4214 claro.
967 4183 1026 4220 roo.
1040 4165 1176 4218 Toleranda
1186 4167 1291 4236 quamvis
1298 4167 1392 4234 pellor,
1407 4161 1436 4217 id

364 4294 373 4332 l
