3220 5128
398 449 467 520 208
625 449 677 517 IN
703 447 997 516 HERCULEM
1024 451 1240 520 ,OETAEUM

394 582 467 636 derit
478 583 546 634 Duu.
563 578 703 643 Heinsius,
720 578 768 648 qui
780 580 835 640 τοὺς
850 580 1011 650 προοιλήνους
1029 580 1148 633 Arcades
1161 582 1293 654 intettigte
1311 584 1396 658 Cujus
1410 607 1460 640 no·

395 662 474 715 minis
490 678 578 713 rernm
589 677 693 711 crucem
707 672 787 730 etque
803 659 932 730 originem
952 659 980 711 iu
994 659 1018 711 Τ
1019 672 1138 729 egentum
1155 663 1220 732 ch.
1234 664 1386 719 Aristoteles
1396 666 1461 720 red-

395 741 474 795 debat
483 780 491 804 ‚
501 741 547 812 qui
559 739 740 792 Graeeulerum
755 757 886 808 nugarum
901 756 1007 791 severus
1022 741 1161 810 castigator
1175 742 1233 795 fuit.

439 823 520 889 1887.
534 820 629 870 Poscite
644 837 731 887 magno
742 819 846 870 Alciden
854 821 953 887 gemitu.
968 818 1038 870 Flor.
1050 837 1136 888 magno
1147 822 1252 874 Alciden
1256 827 1349 893 poscite
1355 828 1459 894 gemitu.

397 900 506 953 ldutatis
523 898 610 950 verbis
624 910 743 962 tantuin,
763 897 836 968 quod
850 899 914 949 levis
928 910 966 950 est
981 901 1119 952 momenti.

440 981 523 1036 1⁸88.
538 979 624 1046 Agris.
635 977 680 1029 Sic
693 977 765 1030 Flor.
778 989 804 1030 et
816 975 924 1049 quidem
936 977 1003 1028 libb.
1017 997 1077 1030 curn
1090 978 1227 1032 Gronorio
1240 985 1298 1033 oris.

437 1061 517 1126 1890.
537 1059 623 1108 Totum
635 1061 719 1125 penm'r
731 1057 814 1122 uelata
826 1057 896 1108 diem.
906 1055 956 1108 Vir
965 1075 1094 1114 summus.
1108 1057 1214 1111 additus
1224 1073 1324 1129 poete:
1339 1087 1351 1109 ι
1365 1063 1457 1134 supe,

393 1139 493 1209 iuquit,
506 1137 583 1189 nullo
600 1135 700 1205 judicio
716 1137 873 1189 archaismos
886 1136 1035 1198 affectavit,
1052 1155 1119 1208 quoe
1137 1157 1192 1190 non
1215 1139 1354 1194 intellexit.
1367 1143 1459 1212 virgi-

390 1219 442 1270 lius
453 1216 555 1270 dixerat
566 1216 693 1280 bellantur,
704 1229 801 1269 mutate
812 1216 867 1268 colu
877 1216 1061 1268 terminatione
1073 1215 1139 1268 uncis
1149 1219 1177 1269 τὸ
1188 1219 1459 1289 ἄρχαῖκῶτιρον,ιίοιιι

391 1299 504 1364 effector,
517 1297 645 1366 incipitur,
657 1299 782 1348 assentior.
794 1297 844 1348 llle
860 1296 928 1346 uclor
942 1295 1045 1364 putarit
1061 1295 1153 1348 eedem
1170 1298 1274 1350 ratione
1287 1299 1351 1352 ferri
1366 1319 1454 1371 posse.

390 1378 483 1430 Dicens
493 1376 572 1426 veleri
582 1386 672 1426 nectens
682 1393 757 1426 more
773 1375 940 1436 Graecorum,
952 1372 999 1426 scd
1009 1393 1063 1426 uon
1074 1375 1125 1428 isto
1135 1393 1212 1428 sensu
1219 1414 1227 1440 ,
1234 1389 1264 1430 ut
1274 1384 1457 1452 κεκαλυμμένος

389 1457 475 1509 νύκτα.
489 1453 541 1508 Sed
554 1455 634 1505 velari
645 1454 721 1516 diurn,
744 1455 877 1508 unitionem
891 1453 935 1508 rtis
948 1455 1057 1522 ἡμέραν,
1072 1454 1132 1524 quis
1146 1456 1232 1509 feret?
1249 1481 1261 1504 ι
1280 1457 1395 1524 Fateor3
1406 1459 1457 1513 sed

390 1536 458 1589 hauc
469 1551 577 1587 monum
591 1533 697 1586 Senecio
710 1551 765 1584 esec
780 1551 862 1604 nego,
878 1533 1017 1602 legemque
1030 1533 1118 1603 potius
1130 1534 1183 1588 lesi
1197 1537 1363 1590 mutatione:
1378 1539 1457 1608 Cujus

389 1635 470 1686 pertua
481 1627 516 1666 est
525 1613 608 1664 velatu
624 1613 683 1664 dies.
697 1613 784 1664 Boua.

435 1697 519 1763 1894.
533 1691 659 1744 Sitlturtioe.
674 1691 694 1742 F
696 1691 743 1743 lor.
762 1692 891 1744 Bistoniae.

434 1775 519 1841 1897.
532 1771 655 1824 Nascitur.
671 1770 775 1823 Primus
786 1769 936 1822 emendavit
946 1769 1052 1840 Lipsius
1062 1775 1179 1835 nuscitur,
1190 1773 1383 1846 confirmetque
1395 1794 1456 1830 erm

391 1871 481 1904 nnuse
492 1849 631 1914 Palatinis3
645 1847 790 1919 alluditque
801 1849 875 1912 alter,
888 1850 982 1920 inquo
991 1854 1095 1902 nescitur
1104 1865 1113 1894 ··
1123 1854 1274 1908 suntetium
1282 1855 1330 1925 qui
1338 1856 1458 1908 luebant

391 1937 519 1983 uescitur:
541 1941 568 1982 et
583 1925 704 1999 prodidit
724 1928 921 2000 Rephelengiue
939 1930 1053 1999 primam
1072 1931 1145 1983 ittam
1167 1932 1324 2004 scripturum
1341 1935 1455 2005 reperiri

390 2011 453 2064 itetn
469 2010 496 2062 in
509 2007 571 2060 cod.
586 2007 732 2061 Ortclicno,

435 2089 516 2159 189⁸.
530 2087 582 2140 Nec
594 2100 685 2139 uestra.
699 2085 777 2139 MSS.
795 2087 882 2149 8030,
903 2089 997 2152 8261,
1018 2105 1060 2138 nec
1070 2101 1161 2140 nostre.

435 2187 514 2238 ¹9⁰⁰·
528 2167 564 2218 Et
576 2179 656 2238 rupta.
669 2167 784 2237 Conjicit
800 2165 924 2218 Heinsius
935 2179 1018 2236 partu.

403 2309 407 2320 Ι
433 2247 517 2318 1905.
534 2245 637 2300 Cervice.
652 2247 710 2298 MS.
735 2245 825 2310 8035,
840 2250 935 2297 cernite.

432 2330 516 2397 1908.
529 2323 644 2396 Spirurit.
663 2325 734 2379 Flor·
754 2327 848 2378 etrurit.
866 2321 1005 2395 Numquid
1027 2327 1155 2394 strigonii,
1179 2327 1216 2380 eit
1235 2325 1407 2383 Gronovius:
1426 2329 1456 2383 id

390 2418 441 2472 est,
455 2406 650 2477 interquievit?

434 2505 514 2556 1909·
530 2486 617 2538 Aroes.
629 2485 753 2556 Plerique
767 2483 844 2536 MSS.
860 2503 937 2536 uteres.

430 2569 514 2635 1918.
527 2565 572 2618 Ad
581 2584 607 2636 q.
615 2585 643 2634 p.
656 2565 752 2616 Natura
764 2575 842 2615 uorat.
855 2562 994 2626 Heinsius,
1008 2562 1137 2631 probante
1148 2564 1238 2616 Burni.
1252 2562 1287 2617 nd
1298 2566 1383 2620 Anth.
1394 2569 1454 2622 Let.

386 2657 452 2699 tom.
467 2646 512 2709 11,
526 2663 555 2716 p.
567 2650 617 2707 lo,
632 2641 775 2696 emendat:
790 2643 824 2694 ud
832 2643 897 2712 quod
907 2661 935 2712 p.
952 2645 1042 2694 ncrite.
1060 2654 1145 2694 vectat.
1162 2641 1214 2695 Sed
1223 2643 1291 2696 nihil
1303 2663 1372 2717 opus
1384 2661 1433 2703 est.

429 2741 512 2791 ¹9²²·
534 2721 600 2773 Fata
619 2733 748 2774 morantur.
766 2722 810 2774 sio
827 2722 940 2774 maxima
953 2739 1014 2792 pttrs
1032 2721 1096 2774 Pell.
1107 2739 1162 2774 nou
1176 2736 1283 2775 monstra
1293 2743 1369 2792 mor„
1382 2740 1412 2781 ut
1425 2727 1454 2780 itt

390 2804 492 2876 aliquot
503 2800 588 2855 tibris.

430 2879 581 2953 1927.Sub
603 2879 682 2932 undio
693 2877 768 2932 MSS.
784 2879 906 2950 plerique
917 2880 961 2932 sub
977 2879 1068 2945 undas,
1089 2892 1118 2933 ut
1128 2893 1204 2934 notet
1220 2882 1350 2937 Commel.

431 2962 513 3031 1930.
532 2961 630 3012 Verane
637 2977 735 3029 parens.
746 2958 817 3012 Flor.
832 2960 891 3012 Ver.
901 2960 997 3026 surens.

431 3043 516 3111 1933.
531 3040 606 3092 Pollis
621 3049 729 3091 contecta
780 3042 865 3108 operit.
887 3039 984 3093 Porum
1004 3039 1109 3109 placent
1121 3039 1200 3092 simul
1212 3040 1295 3112 pocite
1306 3053 1414 3095 csnteete
1426 3057 1456 3098 et

386 3126 471 3192 operit.
489 3124 531 3174 An
550 3120 602 3174 fuit
616 3124 749 3171 contecta?
770 3117 894 3172 Ceterum
910 3137 1001 3171 versus
1014 3118 1064 3170 hos
1082 3120 1249 3189 conpectiuos
1266 3122 1364 3191 poesim
1377 3122 1455 3176 eliter

386 3201 482 3274 digessi
495 3213 577 3273 utque
590 3199 618 3253 in
633 3197 744 3269 vulgetis
755 3195 817 3250 cdd.
830 3198 963 3268 leguntur.
980 3199 1066 3252 Boru.

429 3281 512 3352 1939.
528 3281 575 3334 Ad
585 3300 609 3352 q.
624 3298 646 3331 s.
663 3298 738 3330 muns.
750 3281 804 3329 eris.
815 3276 906 3330 lleine.
922 3277 995 3330 malit
1007 3295 1058 3340 ccc,
1071 3294 1122 3347 pro
1139 3281 1194 3330 eris.

429 3367 513 3432 1944.
533 3359 598 3413 llud.
611 3377 682 3412 sonus
695 3356 799 3427 trepidus
810 3375 887 3409 aures.
901 3356 977 3410 ldSS.
990 3357 1080 3422 8261,
1092 3356 1164 3410 8032
1176 3392 1185 3419 ‚
1200 3355 1288 3426 8033,
1299 3358 1367 3410 llndc
1379 3379 1454 3412 conus

388 3441 492 3512 trepidus
504 3459 581 3492 cures.

428 3521 512 3588 1948.
530 3519 598 3571 Mors
610 3516 718 3570 horrida.
728 3515 786 3568 MS.
803 3515 895 3579 8035,
910 3533 972 3566 mors
983 3514 1111 3567 liorrenda.

428 3621 512 3685 1949.
527 3615 625 3668 llursus.
637 3610 718 3666 Dedit
739 3631 831 3664 nusum
848 3611 926 3665 Both.
941 3611 1126 3682 frequentiore
1142 3611 1170 3664 in
1185 3613 1213 3664 h.
1228 3631 1254 3666 v.
1268 3611 1347 3666 sibilo
1361 3613 1452 3667 offen·

385 3714 438 3750 eus.
451 3727 489 3737 —
498 3695 591 3749 Noctis.
602 3693 673 3746 Flor.
686 3695 777 3744 mortt's.

429 3785 501 3857 1957
517 3803 575 3856 sqq.
590 3785 728 3855 Impositum
738 3783 813 3848 silvis,
826 3803 897 3855 quum
909 3783 1027 3853 plurimus
1042 3822 1049 3836 .
1063 3824 1069 3837 .
1083 3824 1089 3837 .
1105 3824 1113 3838 .
1133 3783 1229 3837 urnlms
1240 3785 1301 3839 loca.
1311 3783 1456 3841 Gronovio

385 3865 510 3920 ridentur
523 3863 551 3916 hi
567 3883 657 3918 versus
671 3865 708 3918 ita
720 3861 826 3934 legendi
839 3884 845 3914 :

568 4017 637 4064 Certe
656 4031 699 4078 ego
715 4026 738 4062 te
752 4013 800 4060 ridi
816 4013 966 4074 flegrsntibur

569 4089 703 4153 impositum
721 4089 796 4144 eilrin,
815 4088 1017 4150 quamplurimus
