3130 5118
357 550 423 596 tao
642 530 680 596 L.
706 529 888 598 ANHAEI
913 529 1122 600 SENECAE

498 649 700 741 Feriantque
722 675 837 743 graves
855 651 998 721 Maenala
1017 650 1183 745 planctus.

496 758 626 827 Poscite
648 783 770 853 magno
790 758 925 830 Alciden
947 764 1096 855 gemitu:

496 871 627 940 Stratus
646 870 763 938 vestris
786 871 908 965 setiger
932 872 1045 964 agris;

493 977 637 1074 Alesque
655 980 748 1073 sequi
766 981 856 1072 jussa
876 981 1030 1075 sagittas,

494 1092 616 1158 Totum
637 1091 754 1183 pennis
777 1089 882 1160 velata
904 1092 1003 1160 diem.

493 1197 603 1286 Flete,
626 1199 805 1293 Argolicae,
823 1200 914 1284 llete,
935 1199 1085 1284 Cleonre3

493 1310 556 1378 Hic
577 1323 756 1378 terrentem
778 1311 899 1379 moenia
920 1309 1089 1404 quondam

493 1421 613 1487 Vestra
635 1418 764 1489 leonem
782 1420 882 1514 fregit
898 1421 1003 1489 nostri

494 1531 641 1599 Dextera
659 1531 739 1599 nati.
759 1533 847 1600 Date
868 1531 1031 1600 Sithoniae

494 1640 645 1708 Verbera
667 1656 803 1726 mauce,
820 1641 1015 1736 gelidusque
1037 1655 1133 1710 sonet
1367 1658 1417 1709 ¹⁸⁹⁵

495 1747 689 1818 Planetibus
710 1751 869 1820 Hebrus:
894 1752 970 1820 llete
991 1749 1150 1832 Alciden,

494 1858 596 1946 Quod
614 1883 683 1927 uon
705 1859 842 1928 stabulis
863 1862 1010 1931 nascitur
1033 1858 1157 1944 infans,

352 2031 408 2067 san.
418 2013 446 2065 in
458 2010 554 2066 Arcsd.
567 2014 595 2066 in
609 2013 656 2066 liu.
666 2016 754 2070 Strsb.
764 2015 862 2086 Geogr.
905 2013 999 2068 Tinde
1019 2014 1047 2067 iu
1065 2012 1178 2066 Thracia
1195 2030 1322 2080 regnans,
1338 2012 1420 2083 lingi-

354 2093 436 2151 vttl,
451 2111 479 2163 p.
488 2093 554 2163 578,
565 2107 591 2146 et
603 2094 862 2168 aliia-Nomenque
907 2109 949 2148 tur
962 2112 1043 2166 equos
1053 2094 1170 2146 humano
1185 2093 1311 2163 sauguine
1322 2105 1348 2143 et
1361 2110 1419 2145 cur·

354 2171 440 2241 Sylvoe
448 2173 518 2225 inter
527 2174 652 2226 Cleonem
665 2187 691 2228 et
699 2175 862 2238 Phliuntem,
906 2175 984 2227 nibus
995 2173 1193 2244 pavisse,etiam
1204 2185 1311 2225 auctore
1320 2172 1419 2235 Plinio,

352 2251 380 2303 iu
392 2271 442 2323 qua
459 2252 583 2306 Hercules
595 2253 698 2306 leonem
712 2255 852 2308 interiecit.
907 2254 942 2307 Η.
966 2255 999 2306 N.
1020 2253 1067 2305 lib.
1091 2253 1141 2316 IV,
1157 2271 1181 2306 c.
1202 2268 1231 2303 tt
1249 2273 1255 2304 ι
1270 2252 1315 2305 hic
1335 2270 1417 2321 quum

394 2334 478 2386 1886.
497 2333 621 2397 Manita,
637 2333 756 2387 arcadia
775 2353 861 2390 mons.
906 2333 1029 2387 Herculis
1040 2331 1191 2386 catamitum
1201 2329 1335 2384 Abderam
1343 2331 1420 2402 equis

395 2412 479 2466 1888.
501 2410 604 2482 Setiger.
631 2416 703 2485 Aper
732 2414 863 2484 Eryman·
907 2411 1069 2485 epulandum
1084 2412 1420 2484 opposuissetmbisuper·

354 2489 443 2554 thius,
458 2491 757 2556 Maenaliumhroadius.
907 2493 981 2546 venit
997 2493 1136 2557 Hercules,
1153 2509 1202 2544 suo
1217 2490 1273 2562 ipse
1286 2489 1419 2562 supplicio

398 2572 483 2638 1889.
501 2573 622 2643 Absque,
638 2585 688 2626 ete.
703 2571 866 2644 Stymphali·
908 2573 1003 2644 periit:
1025 2573 1087 2642 equi
1108 2573 1179 2624 clava
1201 2571 1303 2636 neemi,
1317 2585 1347 2622 ut
1365 2583 1421 2623 tra-

355 2647 410 2712 des,
418 2668 477 2720 qnae
486 2651 548 2702 solis
559 2649 646 2703 rudius
659 2653 754 2721 pennis
766 2653 862 2705 obuiu-
907 2651 948 2705 dit
961 2651 1087 2704 Titianus
1101 2651 1128 2703 in
1146 2651 1220 2703 Orat.
1239 2648 1272 2703 ad
1295 2650 1420 2714 Graecos,

354 2728 485 2789 hraruut,
499 2729 597 2799 sagittis
615 2730 750 2792 Herculis,
765 2731 822 2794 vel,
835 2743 864 2784 ut
899 2729 933 2784 'et
947 2730 1120 2783 Philostratus
1135 2730 1161 2783 in
1175 2729 1347 2801 Imaginibus.
1362 2731 1420 2802 Hy·

355 2806 419 2873 slii,
444 2809 504 2860 cerei
530 2809 620 2861 crotali
647 2811 751 2882 crepitu
773 2811 863 2880 pulsas.
909 2811 986 2882 ginus
1011 2811 1163 2873 consentit,
1186 2809 1232 2860 sed
1254 2809 1311 2862 vult
1332 2809 1421 2863 Abde-

365 2947 367 2951 ,
399 2890 484 2955 1890.
500 2889 679 2957 Totnmpeanis
691 2890 771 2940 veluto
784 2889 864 2940 Diem.
909 2909 968 2943 rurn
985 2891 1064 2942 luisse
1080 2888 1218 2941 Diomedis
1236 2889 1423 2950 famulum,et

357 2965 434 3038 Hypo
448 2967 504 3038 lnge
523 2981 577 3030 est,
596 2985 660 3036 pro:
679 2971 754 3038 cujas
773 2969 866 3037 pesinis
910 2969 984 3022 addit
999 2987 1128 3040 equorum
1148 2969 1272 3034 nentina,
1287 2987 1344 3041 cap,
1361 2969 1397 3022 30
1412 2987 1420 3020 ε

357 3047 441 3100 velata
456 3058 494 3098 est
510 3045 579 3106 dies3
594 3060 620 3098 et
633 3049 725 3101 similis
742 3048 778 3100 illi
794 3049 865 3118 apud
911 3049 1040 3101 feritatem
1062 3067 1152 3100 eornm
1171 3047 1313 3118 Euripides
1330 3049 1356 3101 in
1377 3049 1425 3101 Al·

359 3126 511 3187 Horatium,
521 3127 574 3179 Snt.
584 3127 607 3186 l,
618 3132 644 3188 6,
655 3135 709 3197 74:
723 3128 866 3199 «Suspensi
910 3128 1007 3182 cestide
1016 3127 1150 3181 describit.
1159 3128 1423 3199 Pltilostratusequas

360 3205 461 3260 loculos
482 3207 649 3278 tabulamque
666 3209 797 3260 lacerto·
813 3209 866 3260 sti·
912 3209 990 3261 luisse
1003 3207 1153 3271 contendit,
1171 3227 1228 3278 quar
1248 3208 1348 3260 luriutae
1364 3226 1422 3260 sns-

360 3286 583 3339 tntseeettenur
603 3288 628 3338 in
651 3287 728 3340 Herc.
749 3289 810 3340 Fur.
829 3307 867 3341 vs.
910 3289 984 3341 ribus
1009 3289 1176 3340 ferocioress
1198 3286 1279 3358 idque
1309 3288 1418 3339 illorum

364 3367 437 3428 243:
452 3391 463 3412 ·
478 3365 624 3436 Solitnsque
642 3369 737 3435 pennis
753 3365 869 3420 cosulere
911 3365 1046 3420 traditioni
1067 3367 1171 3438 aptius,
1192 3367 1236 3436 qui
1260 3367 1351 3419 rirlrnrt
1374 3367 1422 3420 hes

362 3443 484 3498 obduretis
498 3444 581 3498 diens.
596 3473 607 3494 ι
622 3447 720 3499 Rursus
740 3448 817 3499 aliter
839 3448 867 3499 in
912 3448 990 3500 luisse
1008 3466 1086 3517 equas
1103 3447 1170 3498 sarh
1187 3447 1329 3517 ἀναλογῖαη
1347 3465 1424 3500 veras

363 3524 606 3589 Phcsnise.v.4sa:
624 3540 702 3579 -etrs
720 3528 868 3580 nubesub-
912 3525 1050 3579 Diomedis
1080 3527 1165 3589 lilios,
1189 3539 1273 3578 scorta
1301 3526 1423 3592 nobilia,

362 3619 451 3658 texens
471 3603 542 3657 diem
561 3605 732 3675 Stymphalis.
745 3632 756 3652 ·
912 3625 970 3676 quae
994 3607 1111 3674 hospites
1138 3607 1258 3675 pecuniis
1285 3605 1423 3660 denudare

404 3685 486 3753 1891.
502 3684 606 3738 Cicone.
624 3685 799 3755 Peloponnesi
818 3705 867 3754 op·
912 3700 937 3738 et
948 3687 1094 3756 exspoliare
1104 3695 1306 3746 consueverant,
1319 3699 1344 3737 et
1357 3703 1424 3755 pro-

364 3762 467 3834 pidum.
485 3765 551 3817 Pliu.
569 3764 618 3826 lV,
633 3782 656 3817 c.
676 3766 690 3818 5
708 3779 733 3820 et
746 3769 772 3818 6.
785 3763 867 3819 ovid.
912 3778 972 3836 pter
995 3766 1148 3817 effrenatam
1174 3763 1312 3816 libidinem
1340 3784 1425 3835 equas

364 3843 616 3914 hletam.Vl,417.
911 3845 1062 3915 appellatas.
1091 3845 1240 3914 Palupbato
1271 3845 1356 3916 placet
1382 3845 1424 3896 ls-

405 3926 488 3992 1897.
510 3925 643 3993 Ouetiston
662 3925 867 3990 st.1rusct'turia)‘⁴.
912 3925 980 3976 bulte
997 3925 1083 3976 locum
1098 3922 1205 3987 datum,
1218 3942 1249 3975 eo
1267 3923 1339 3995 quod
1356 3925 1424 3977 Dio-

364 4004 446 4066 Flete,
458 4004 560 4072 inquit,
571 4003 726 4066 Herculem,
738 4005 798 4074 quia
814 4007 867 4072 jans
912 4001 1002 4055 medes
1016 4003 1091 4074 equis
1102 4003 1218 4065 alendis,
1233 4017 1258 4056 et
1278 4005 1424 4075 presepio·

361 4103 415 4137 uon
427 4095 570 4135 naseuntur
588 4083 664 4135 vobis
683 4084 772 4154 pueri,
785 4083 869 4136 futuri
911 4102 970 4135 rann
983 4081 1346 4148 multitudine,subditorum
1356 4101 1424 4158 opes

359 4161 487 4235 pabulum
498 4163 581 4233 equis.
591 4163 665 4217 lites.
677 4191 716 4208 -··
724 4160 867 4217 Diomedes
911 4163 1070 4216 exhauriret.
1085 4164 1172 4218 Dana.
