3130 5118
281 491 284 498 '
354 485 421 558 168
577 487 632 557 IN
658 487 947 556 HERCULElll
972 487 1189 556 OETAEUM

397 623 462 680 ati.
470 615 577 672 Necdum
583 617 648 684 sorti
658 635 729 686 sang.
741 617 903 679 Taurublii,
912 638 923 658 ι
936 615 1058 670 nondum
1067 616 1143 670 lortis
1151 635 1172 670 s.
1180 617 1229 669 Τ.·
1240 616 1325 682 Alit·
1334 617 1414 672 necd.

351 695 428 750 sortis
438 715 459 751 s.
472 697 540 750 Tox.
553 721 564 744 ι
577 696 653 749 Solus
666 697 756 762 ⁸036,
773 720 785 743 ι
795 694 872 750 necd.
884 697 958 749 sortis
969 715 1041 766 sang.
1054 697 1168 748 Theseu.
1182 721 1193 744 ι

394 797 408 830 a
417 777 461 830 15.
477 777 580 846 Querar.
592 777 699 830 Rectius
709 776 849 847 queror-,sit
859 776 938 829 Roth.

322 914 328 926 ¹
396 855 551 925 appol,
561 875 622 907 soere
632 855 712 908 daem.
724 853 839 921 Quidam
851 855 926 908 MSS.
942 881 953 903 ι
965 855 1035 927 prob
1048 856 1132 927 lsaepe
1140 853 1316 922 dolor-uiue
1325 873 1414 909 seusu.

355 936 421 994 Alii,
439 959 451 982 ι
464 935 533 1008 proh
544 935 551 987 l
562 953 630 988 seve
643 932 729 988 dolor.
746 960 758 983 ι

395 1033 461 1086 ²²7·
475 1015 571 1084 Fugiat
589 1015 667 1067 uultus
675 1015 741 1082 fort.
751 1034 778 1083 p.
797 1013 920 1066 Heinsius
931 1015 1047 1068 malebat
1066 1015 1151 1066 cubus.
1161 1017 1205 1067 1At
1219 1014 1316 1067 frustra
1329 1035 1336 1064 ι
1351 1032 1414 1068 nam

355 1095 438 1160 inira,
454 1113 478 1148 ν.
493 1096 561 1153 360,
578 1093 696 1165 ejusdem
711 1094 781 1146 loles
800 1119 811 1140 ι
827 1092 916 1146 nudus
925 1113 994 1148 auro
1003 1095 1083 1148 crinis
1093 1104 1120 1146 et
1134 1111 1236 1164 gemma
1248 1095 1333 1164 jacere
1349 1119 1360 1140 ι
1377 1093 1416 1146 di-

355 1174 433 1238 citnr,
455 1187 548 1228 contra
564 1192 642 1245 quam
655 1171 778 1226 adfirmat
803 1171 884 1226 ovid.
908 1173 1019 1228 lleroid.
1040 1175 1091 1238 IX,
1106 1191 1132 1226 v.
1154 1175 1206 1226 125
1221 1192 1230 1226 ι
1246 1199 1257 1220 ι
1274 1174 1332 1226 Nec
1343 1174 1416 1226 veuit

355 1253 478 1320 incultis,
497 1267 631 1325 captarum
643 1272 717 1306 more
727 1292 734 1318 ,
746 1251 855 1324 capillis.
872 1278 883 1299 ι
900 1253 970 1305 Bau.

400 1335 453 1388 228
468 1351 525 1405 sqq.
544 1333 631 1396 Felix,
650 1337 755 1406 quisquis
769 1334 829 1398 rus.
850 1331 893 1385 Sic
907 1331 981 1386 Flor.
997 1345 1027 1385 ut
1043 1332 1072 1385 iu
1088 1332 1162 1402 Μῦς.
1181 1331 1303 1395 Delrius,
1316 1331 1345 1384 iu
1363 1349 1417 1384 uno

355 1429 466 1467 suorum
482 1412 560 1466 Grut.
575 1413 710 1466 invenere.
728 1413 799 1464 ldale
812 1411 945 1482 Scaliger,
959 1430 996 1466 ss.
1015 1411 1066 1464 aia
1081 1432 1087 1462 ι
1106 1437 1117 1458 ι
1131 1412 1240 1482 pertulit
1255 1429 1339 1482 equo.
1354 1433 1366 1456 ι
1377 1439 1418 1452 -

359 1493 487 1546 Praestsns
497 1493 565 1546 liber
577 1492 651 1563 llioq.
665 1492 738 1545 hunc
748 1493 835 1544 locum
847 1491 882 1543 ita
894 1491 1047 1545 ordinatum
1059 1492 1159 1563 prebet
1171 1509 1178 1543 :

542 1601 606 1646 felix
621 1602 727 1662 quisquis
740 1599 805 1646 norit
821 1599 932 1645 famulum

539 1677 671 1738 liegenrque
685 1678 746 1736 pati,
760 1675 884 1736 vultusque
897 1690 952 1720 suos

674 1749 770 1794 variare
782 1757 867 1809 potest.

543 1821 634 1868 Patiem
647 1824 750 1884 quisquis
761 1822 826 1870 novit
838 1821 950 1868 famulum

541 1897 675 1959 degensque
688 1897 751 1958 pati;
778 1897 869 1959 pepulit
883 1900 944 1942 vires

545 1970 686 2031 Poudnsque
699 1971 752 2018 mali
761 2005 768 2026 ,
778 1986 845 2017 casua
857 1971 935 2017 animo
949 1972 990 2031 qui
1004 1970 1057 2016 tulit
1068 1985 1142 2030 aequu

337 2111 339 2114 ·
361 2083 447 2138 Habet
461 2085 542 2156 igitur
554 2104 608 2138 uon
622 2086 709 2138 minus
720 2104 800 2158 quam
820 2086 885 2138 Poll.
900 2087 997 2157 aliique
1009 2085 1072 2138 libri
1085 2085 1134 2138 ista
1149 2085 1248 2138 Patiens
1264 2089 1380 2160 quisquis,
1397 2099 1425 2140 et

359 2164 440 2216 babet
453 2165 628 2236 post,sltera,
642 2183 701 2236 quat
710 2184 782 2219 nunc
795 2167 943 2236 vulgantur,
955 2177 983 2218 ut
997 2165 1085 2218 minus
1097 2165 1175 2218 rectis
1186 2164 1285 2220 addere
1297 2164 1427 2218 emenda·

362 2243 428 2296 tiora
448 2244 534 2298 solent
557 2244 675 2311 librarii,
702 2244 730 2298 id
752 2243 824 2317 quod
844 2245 997 2309 observavi,
1024 2243 1058 2296 ad
1077 2243 1183 2297 Hercul.
1201 2246 1265 2298 Fur.
1287 2264 1314 2298 v.
1337 2247 1426 2309 1343.

360 2323 431 2388 Jam,
444 2325 466 2376 si
479 2325 549 2376 Flor.
566 2337 592 2376 et
601 2324 646 2377 ille
657 2325 763 2378 Gruteri
777 2323 860 2378 codex
870 2326 996 2378 omittunt
1006 2324 1085 2376 rerba
1100 2324 1211 2382 Patiens,
1226 2338 1277 2378 etc.
1295 2337 1321 2376 et
1332 2343 1427 2378 rursus

364 2417 426 2456 vett.
441 2402 503 2456 edd.
515 2404 543 2456 in
555 2402 596 2456 his
605 2404 683 2457 Fern.
697 2405 834 2476 Herbipol.
843 2404 939 2457 Veneti
948 2417 974 2457 et
983 2407 1088 2456 Ascens,
1101 2404 1200 2474 quibus
1210 2404 1302 2458 similis
1315 2405 1428 2476 scripto·

363 2501 423 2535 rum
435 2485 590 2548 auctoritas,
603 2485 745 2553 publicatis
753 2484 810 2536 istis
820 2495 920 2548 carent,
932 2483 993 2554 quis
1004 2494 1088 2535 tantas
1100 2483 1158 2536 lites
1166 2497 1309 2556 componet
1317 2483 1329 2536 i
1337 2483 1427 2537 Ratio.

364 2561 463 2615 Dolore
472 2562 584 2633 percita,
598 2564 694 2635 vixque
702 2566 744 2616 sui
752 2582 876 2634 compos,
888 2562 985 2616 mutari
996 2563 1023 2614 in
1037 2581 1109 2614 avem
1121 2563 1176 2614 Iole
1184 2576 1321 2634 optaverat
1329 2603 1337 2628 ,
1346 2582 1427 2634 supra

367 2659 431 2708 noo,
444 2643 599 2712 felicemque
609 2643 724 2695 futurem
736 2662 763 2696 se
775 2640 892 2708 dixerat,
910 2643 933 2694 si
947 2660 1043 2713 corpus
1060 2641 1207 2696 humanum
1226 2643 1347 2697 exuisset.
1359 2643 1429 2696 Eam

363 2717 464 2774 doloris
476 2721 706 2791 intemperantiam
720 2741 889 2794 compescens
903 2722 1005 2774 Chorus
1019 2740 1025 2774 :

548 2829 658 2890 Sapiens,
672 2833 764 2892 inquit,
778 2832 883 2891 quisquis
893 2830 959 2875 norit
968 2828 1080 2875 {amulum

550 2904 684 2965 Regemque
695 2909 755 2966 pati,
774 2915 818 2950 etc.

366 3002 434 3055 Nam
448 2999 549 3072 Saps'eas
563 3000 706 3072 legendum
726 3001 794 3057 vidit
812 3004 879 3056 Dan.
898 3001 1034 3068 Heinsius,
1054 3021 1141 3074 neque
1157 3007 1344 3075 παραφραστὲον
1365 3023 1430 3057 eum

365 3082 516 3135 monacho:
537 3081 720 3154 :quicumque
734 3101 809 3154 aequo
821 3081 871 3134 fert
884 3082 988 3146 animo,
1000 3101 1027 3134 se
1041 3083 1158 3152 exsequi
1172 3084 1288 3136 culmine
1301 3084 1327 3136 in
1343 3084 1430 3136 servi·

366 3175 449 3216 tutem
459 3157 605 3228 decidisse,
618 3174 644 3214 et
657 3164 757 3216 vultum
769 3163 881 3214 fortunae
894 3161 943 3214 scit
957 3159 1091 3231 adaptare.
1108 3187 1119 3208 ι
1135 3161 1211 3214 idest
1224 3180 1230 3214 ε
1241 3188 1252 3209 ι
1263 3163 1362 3215 Patiens
1372 3177 1430 3227 est,

368 3241 487 3313 quisquis
501 3244 604 3310 patitur,
619 3254 686 3294 eto·
704 3243 765 3306 Quo
782 3238 846 3311 quid
863 3239 928 3310 lingi
945 3239 1065 3311 putidius
1078 3242 1186 3311 potest?
1199 3241 1292 3294 Facilis
1307 3243 1431 3311 prolecto

367 3321 524 3390 sagacissimi
542 3319 640 3373 lleinsii
657 3319 826 3384 emendatio,
846 3320 972 3372 sententie
994 3319 1145 3390 aptissima,
1163 3319 1280 3390 denique
1304 3339 1356 3372 vox
1384 3339 1432 3386 ea,

369 3417 448 3470 quam
460 3418 515 3469 praa
528 3400 609 3460 altera
618 3400 661 3452 illa
674 3400 802 3471 placuisse
813 3400 913 3469 tragico
923 3398 1048 3451 credibile
1059 3399 1109 3463 sit,
1120 3414 1273 3470 propterea,
1288 3397 1361 3470 quod
1375 3419 1434 3452 rna·

366 3482 452 3550 jurem
468 3496 549 3550 quam
564 3477 612 3532 ista
625 3480 679 3530 vim
694 3479 790 3531 habet:
809 3496 870 3531 nam
884 3478 1029 3531 secundum
1050 3478 1171 3542 Stoicos,
1191 3479 1237 3548 qui
1258 3480 1360 3550 sapiens
1374 3491 1434 3545 est,

366 3558 439 3612 idem
455 3573 480 3611 et
500 3557 578 3622 felix,
599 3575 655 3609 nou
668 3571 769 3612 contra.
783 3559 908 3611 Ceterum
925 3576 974 3626 pro
990 3562 1088 3629 capione
1104 3550 1150 3625 (id
1166 3570 1217 3621 est,
1230 3555 1343 3629 sapiens)
1358 3558 1434 3612 forle

368 3649 505 3691 exaratum
517 3649 596 3706 puto,
610 3637 695 3689 literis
714 3638 784 3690 inter
796 3657 823 3690 se
836 3637 1005 3708 permutatis,
1027 3640 1123 3708 paciens
1139 3633 1150 3700 (
1165 3657 1225 3690 narn
1243 3640 1281 3690 sic
1297 3639 1351 3691 lere
1366 3638 1432 3691 libri

367 3729 431 3770 vett.
445 3736 500 3769 non
508 3719 604 3787 patiens
615 3707 637 3783 ),
654 3715 879 3787 quemadmodum
892 3729 960 3785 geret
973 3736 1024 3787 pro
1039 3730 1120 3786 reget,
1137 3717 1216 3768 tellum
1231 3737 1282 3786 pro
1299 3719 1385 3782 letum,
1405 3733 1435 3771 et

368 3797 460 3848 similia
474 3815 529 3848 rron
541 3814 601 3848 raro
610 3794 783 3848 inveniuntur
795 3797 821 3848 iu
836 3796 914 3848 codd.
928 3798 1046 3849 vetustis.
1059 3795 1142 3863 Quod
1156 3796 1264 3868 quidam
1275 3797 1338 3850 libri
1351 3797 1436 3850 omit-

370 3888 431 3929 tunt
446 3876 527 3928 verba
546 3901 557 3922 ι
571 3875 711 3946 vultusque
727 3894 788 3928 auos
800 3879 900 3928 variare
913 3887 1012 3946 potest,
1032 3902 1044 3923 ι
1061 3895 1115 3928 nou
1129 3877 1212 3944 magis
1226 3875 1352 3928 audiendi
1368 3893 1436 3930 aunt

368 3974 446 4026 quam
461 3955 603 4007 Ascensius
615 3957 725 4025 ejusque
738 3957 787 4008 hac
799 3972 831 4007 ex
843 3968 917 4024 parte
931 3953 1091 4020 imitatores,
1108 3955 1154 4025 qui
1168 3954 1255 4009 ditare
1272 3956 1323 4009 sibi
1336 3954 1435 4009 riden-

369 4048 414 4088 tur
431 4033 531 4088 scilicet
547 4047 669 4105 poetam,
684 4032 797 4104 legendo
814 4055 820 4085 :
840 4061 851 4080 ι
867 4031 1028 4104 Pondusque
1043 4036 1105 4087 mali
1119 4033 1184 4096 (sel
1198 4034 1289 4098 male),
1305 4053 1348 4087 aec
1360 4039 1438 4088 servit

364 4119 449 4186 inops,
475 4115 571 4180 Casus,
585 4127 634 4168 etc.
654 4139 665 4162 ι
683 4131 761 4184 quem
775 4113 969 4184 ineptissimum
983 4132 1102 4184 pannum
1116 4111 1188 4167 uude
1201 4115 1312 4180 habent,
1328 4134 1360 4168 eo
1371 4113 1438 4169 red·
