3184 5126
367 527 437 610 240
566 520 861 590 ADSCRIPTA
888 521 928 586 L.
955 521 995 588 A.
1023 517 1232 589 SENECAE

412 667 520 716 rene.
542 646 638 712 Jusse
655 639 746 710 haud
764 640 944 710 morabor:
964 653 1072 708 castre
1090 637 1265 708 confestim
1281 653 1406 734 potem.

415 778 487 822 sort.
506 749 600 823 Nihil
616 752 649 818 in
667 749 873 844 propinquos
891 763 1013 818 temere
1030 747 1188 817 constitui
1209 747 1312 818 decet.
1391 774 1433 821 sse

416 885 520 933 neno.
538 864 556 930 J
559 874 633 928 usto
648 884 718 928 esse
734 857 829 927 facile
842 872 911 946 est,
927 859 981 928 cui
1001 870 1094 926 vacat
1112 871 1227 951 pectus
1245 871 1348 926 metu.

368 1063 477 1126 Tacito,
512 1058 607 1110 Annei.
629 1059 707 1122 XIV,
737 1062 782 1126 69.
806 1057 875 1111 Prte·
918 1057 1092 1130 preterienoe
1103 1069 1258 1128 potestetern
1273 1069 1354 1128 etque
1364 1055 1430 1111 edeo

367 1145 450 1197 fectus
461 1150 566 1201 eutem,
579 1155 657 1209 quem
668 1136 711 1190 bic
722 1137 874 1209 alloquitur,
919 1138 993 1190 urbis
1001 1137 1085 1208 ipsius
1101 1137 1289 1206 prefecturam
1299 1135 1429 1190 includet.

368 1240 423 1275 non
437 1232 475 1272 eet
488 1216 608 1271 Rurrbue
617 1216 753 1279 Afranius,
763 1219 818 1288 jem
833 1235 876 1269 ve·
919 1217 1090 1270 Scenoenue.

368 1317 439 1353 neno
459 1297 590 1362 subintus,
617 1307 681 1349 teste
693 1296 803 1360 Tacito,
828 1295 874 1348 lib.
960 1295 1026 1363 439.
1042 1294 1139 1348 Castra.
1155 1294 1273 1348 Militum
1291 1293 1427 1349 nocendo·

371 1379 449 1442 XIV,
463 1378 510 1442 51,
530 1388 557 1428 et
570 1375 698 1429 Suetonio
712 1373 740 1427 in
755 1375 875 1440 Nerone,
917 1392 977 1427 rurn
991 1373 1074 1445 gretie
1091 1391 1099 1425 ε
1117 1387 1180 1427 tunc
1198 1389 1261 1444 ergo
1274 1373 1432 1428 habitabunt

369 1477 428 1529 csp.
444 1455 479 1510 35
494 1474 501 1509 τ
523 1454 569 1508 sed
582 1455 650 1508 ulter
662 1471 678 1505 e
693 1452 815 1518 duobus,
829 1454 876 1524 qui
918 1452 1070 1524 pretorieui
1081 1453 1178 1506 milites
1187 1452 1215 1506 in
1226 1453 1318 1507 caetris
1331 1466 1431 1525 preto·

369 1537 491 1596 Burrbo.
511 1553 586 1587 inore
601 1534 723 1604 antiquo,
747 1551 878 1587 successe·
919 1533 1015 1598 rianio,
1030 1532 1166 1586 aTiberio
1182 1532 1210 1585 in
1224 1545 1341 1586 extreme
1357 1533 1432 1586 urbis

368 1629 445 1678 runt,
467 1613 563 1667 Feniue
583 1613 681 1676 Rufus,
703 1613 746 1665 vei
760 1612 879 1683 Sophro·
920 1625 994 1682 porte
1007 1611 1167 1675 constitutis,
1181 1623 1212 1663 ut
1223 1630 1255 1664 ex
1265 1612 1367 1678 Dione,
1381 1612 1433 1665 Te·

369 1697 430 1749 nius
441 1693 602 1765 Tigeliinue:
618 1705 660 1756 et,
673 1704 702 1744 ut
715 1693 821 1762 opinor,
834 1690 878 1742 bic
920 1691 989 1755 cito,
1009 1691 1136 1744 Suetonio
1162 1687 1258 1743 docent
1282 1691 1431 1754 Onuiriue‚

369 1774 477 1847 potius,
504 1771 566 1843 quie
595 1770 707 1824 validior
732 1772 761 1823 iu
787 1771 878 1822 animo
921 1770 1031 1836 Lenius,
1054 1771 1146 1824 Faber.
1166 1771 1207 1822 De
1222 1769 1266 1822 bie
1284 1772 1375 1824 nstris
1394 1770 1433 1824 sic

371 1852 516 1926 principie,
532 1853 602 1903 'teste
613 1850 724 1914 Tacito,
744 1850 789 1901 tib.
802 1849 877 1910 xlv,
921 1849 1018 1920 legitur
1029 1852 1057 1904 in
1071 1851 1219 1903 Comment.
1232 1850 1295 1904 vet.
1306 1850 1430 1903 Juvenal.

377 1933 421 1987 ir.
442 1931 583 1984 Prseiectue
599 1929 723 1999 pretor-io
743 1929 787 1981 bic
807 1941 880 1991 eret,
922 1927 975 1981 Set.
1000 1931 1052 1994 X,
1077 1929 1111 1998 95
1137 1925 1193 1989 (ubi
1218 1928 1263 1980 ilie
1296 1928 1432 1982 suren-li·

374 2014 428 2066 boc
443 2022 494 2076 eet,
507 2010 645 2081 prefectue
660 2007 743 2072 euin,
761 2018 791 2060 ut
802 2006 881 2061 docet
922 2009 1051 2060 domestice
1074 2020 1154 2059 eastre
1183 2021 1278 2068 vocet,
1308 2010 1372 2080 quie
1400 2008 1429 2060 in

373 2094 446 2145 Petr.
460 2090 554 2152 Faber,
566 2089 688 2142 Semeetr.
702 2087 747 2140 lib.
763 2087 792 2152 1,
811 2106 835 2141 c.
855 2106 880 2141 1.
924 2085 1001 2150 urbe)
1017 2106 1025 2142 ε
1056 2113 1067 2134 ι
1080 2088 1161 2140 Juxte
1183 2105 1305 2157 aggerem
1328 2088 1432 2158 primus

374 2173 463 2224 Dece.
479 2167 781 2237 —Suiioeqee.....absc.
799 2178 880 2236 caput.
923 2179 1006 2219 cestro
1022 2167 1110 2238 posuit
1123 2166 1247 2235 Sejanus,
1273 2164 1368 2233 idest,
1390 2184 1433 2219 su-

375 2252 458 2304 Notet
484 2247 528 2300 bic
554 2246 660 2299 Delrius
684 2263 691 2298 ε
717 2245 882 2315 tpraeiectue
924 2264 973 2316 per
992 2245 1186 2298 Diocietiones:
1201 2263 1260 2316 que
1275 2242 1348 2297 dicte
1370 2258 1433 2298 sunt

377 2328 544 2401 pretorio
564 2338 594 2378 ut
609 2324 699 2378 multis
716 2325 795 2378 docet
810 2325 879 2377 Petr.
927 2337 1013 2378 cartre
1025 2325 1158 2396 pretoria.
1170 2349 1181 2370 ι
1197 2324 1232 2376 Et
1244 2324 1272 2376 iu
1288 2323 1366 2377 Sutir.
1377 2325 1433 2389 xl,

373 2409 490 2462 Faber.»
505 2405 642 2468 Athone,
663 2416 689 2456 et
701 2422 883 2475 quoscumque
928 2402 962 2455 51
984 2421 991 2455 ε
1012 2404 1066 2455 uA
1085 2404 1203 2456 Suburre
1221 2403 1433 2474 frequentissime

372 2490 410 2543 sic
422 2505 483 2542 cum
498 2483 592 2537 eodem
606 2483 747 2538 sentientes
758 2483 883 2537 erravisse
926 2481 1033 2552 regione
1058 2482 1170 2554 migrare
1197 2480 1231 2534 sd
1255 2481 1435 2536 Diocletianae

373 2565 529 2622 confusione
539 2576 706 2634 temporum,
719 2563 815 2634 quibus
826 2563 883 2616 brec
926 2561 972 2613 ubi
982 2559 1097 2614 solitudo
1107 2575 1154 2615 eet.
1169 2585 1180 2608 ι
1196 2561 1335 2615 Habebunt
1345 2575 1434 2616 tumen

370 2656 485 2718 potestus
497 2643 660 2696 incrementa
673 2642 782 2713 ceperit,
792 2641 882 2694 inultis
925 2641 1064 2694 etutionem
1077 2641 1104 2692 iu
1119 2642 1178 2711 ipso
1190 2639 1306 2710 peletio‚
1321 2653 1347 2693 et
1359 2659 1434 2695 more

372 2724 477 2779 dudum
493 2719 587 2773 docuit
601 2721 652 2774 vir
668 2721 710 2774 cl.
733 2721 789 2772 Jsc.
808 2721 882 2773 Peri·
925 2720 1034 2774 militari
1057 2721 1181 2773 excubias
1202 2719 1299 2790 singuli
1318 2721 1435 2774 vicissim

374 2797 679 2871 eonius,1tirquisitione
698 2797 733 2860 de
746 2799 882 2852 Pretorio.
927 2798 1028 2852 tribuni
1044 2800 1173 2870 egebunt,
1193 2812 1225 2852 ut
1236 2797 1315 2852 ducet
1327 2801 1436 2854 Tacitus

373 2881 428 2936 Ubi
448 2876 563 2932 ostendit
582 2877 700 2948 prefecti
721 2877 793 2929 illiue
816 2895 883 2948 pre·
927 2876 1038 2943 tib.v1‚
1061 2897 1074 2929 r
1090 2900 1095 2930 :
1112 2877 1175 2931 ideo
1187 2877 1255 2930 inire
1268 2897 1344 2932 versu
1361 2881 1433 2948 780:

374 2961 446 3016 torio
464 2968 620 3029 potestatem
634 2975 665 3008 ex
681 2956 765 3026 prime
782 2955 884 3011 institu-
931 2959 1113 3029 ‹quicumque
1132 2958 1207 3010 miles
1227 2957 1303 3012 tectis
1323 2959 1436 3012 exsultet

372 3043 445 3098 tione
454 3037 532 3091 fuisse
543 3054 616 3090 mere
625 3035 785 3101 militarem,
798 3053 882 3107 quum
900 3055 907 3064 ’
926 3035 1012 3100 ducis,
1023 3036 1154 3090 Defendet
1169 3037 1263 3089 sulem.
1273 3062 1285 3084 ι
1300 3035 1351 3090 llic
1360 3057 1435 3105 vero,

375 3125 397 3176 is
417 3118 480 3175 solie
503 3117 631 3171 militibus
646 3115 674 3168 in
689 3115 816 3187 pretorio
836 3135 882 3168 een
925 3133 960 3168 ne
974 3135 1134 3189 quemquern
1151 3135 1166 3169 a
1185 3116 1298 3169 statione
1316 3117 1436 3170 Psintino

374 3200 465 3256 cestrie
474 3195 639 3268 pretorianis
649 3206 882 3267 preeeseet;postee
925 3194 1051 3262 abducet,
1064 3195 1097 3249 ed
1109 3208 1192 3248 cestre
1203 3208 1330 3266 properet
1342 3197 1435 3267 prese·

372 3301 451 3344 vero,
463 3296 547 3349 quum
562 3278 728 3348 insequentes
741 3274 882 3348 imperetu-
925 3287 996 3340 ctus,
1012 3288 1042 3328 nt
1064 3274 1127 3328 inde
1147 3276 1245 3340 mittet,
1261 3275 1308 3346 qui
1320 3273 1436 3330 Neronis

373 3380 416 3414 res
427 3359 468 3412 bie
478 3357 648 3428 inpruiectie
656 3355 800 3407 maximum
810 3352 880 3406 fidu·
925 3354 1067 3425 imperium
1084 3367 1270 3425 exsequentur.
1286 3355 1376 3408 Dene.
1395 3387 1434 3398 -

374 3433 634 3492 cieiundementum
648 3434 882 3498 collocarunt‚eu·
925 3433 1019 3486 Petam.
1034 3434 1072 3490 Ut
1086 3433 1189 3486 mittem
1209 3433 1306 3486 milites
1327 3452 1435 3507 percus·

373 3531 443 3572 ctum
454 3533 509 3568 esee
522 3515 654 3584 prefectis
666 3513 791 3584 pretorio
805 3526 880 3582 pote·
926 3532 1011 3580 sores,
1028 3513 1075 3585 qui
1096 3510 1249 3568 mandatum
1269 3525 1346 3566 tuum
1361 3531 1434 3572 exse:

372 3606 479 3661 etatem,
490 3589 587 3663 udjecte
602 3612 636 3646 sc.
649 3592 714 3646 aule
724 3605 801 3663 etque
810 3593 884 3646 urbis
923 3605 1051 3665 queritur.
1067 3592 1153 3644 Fies.

374 3675 456 3748 ipsine
469 3672 634 3743 prefectum.
648 3671 688 3724 Ex
701 3689 752 3742 que
767 3685 884 3742 poteste·
965 3679 1029 3736 ⁴54⁰·
1047 3671 1077 3723 Iu
1096 3671 1299 3742 propinquor.1n
1320 3671 1434 3736 amicos,

372 3756 406 3810 tis
422 3751 493 3806 illiue
508 3749 761 3822 surpliiicstione,e
780 3749 880 3804 Grecis
925 3763 952 3804 et
977 3753 1024 3804 tibi
1046 3752 1202 3820 conjunctos
1226 3768 1337 3806 munere
1360 3749 1436 3823 quod

373 3831 493 3907 quidem,
509 3842 587 3900 etque
606 3829 635 3881 in
654 3830 749 3900 primis
762 3829 880 3888 historice
925 3848 1013 3904 prope
1023 3841 1048 3882 te
1062 3843 1196 3884 exercent.

371 3909 523 3986 Byzantina
535 3907 717 3979 scriptoribus,
728 3911 882 3980 prefectum
967 3915 1034 3974 441.
1045 3909 1116 3962 Iusto
1128 3929 1184 3962 erre.
1197 3910 1226 3964 si
1240 3909 1304 3974 tibi,
1316 3927 1377 3981 qun
1388 3909 1437 3962 rni-

373 3988 497 4068 pretorio
522 4005 591 4058 sepe
619 3989 747 4059 appellari
776 3989 881 4059 ὕπαρχον
926 3989 971 4053 hi,
987 3988 1158 4043 imminerent
1168 3989 1288 4061 pericula
1300 4002 1328 4042 et
1338 4001 1434 4052 metus,

373 4081 418 4138 τῆς
431 4073 519 4132 αὐλῆς,
535 4066 581 4120 sed
595 4067 644 4130 ita,
664 4080 693 4120 ut
707 4070 774 4121 nulre
788 4069 883 4140 praeie·
926 4088 981 4124 non
994 4068 1083 4121 umnie
1096 4087 1127 4121 er
1139 4071 1229 4140 justo,
1241 4087 1334 4123 verum
1345 4069 1436 4139 potius

375 4168 451 4210 cture
479 4160 559 4204 totum
586 4146 703 4222 prefecti
728 4148 756 4202 in
785 4147 882 4204 militen
926 4167 957 4204 ex
968 4147 1256 4222 eecuritetisreepectu‚
1267 4147 1436 4220 precipercs.
