3130 5118
384 503 450 601 176
608 503 660 574 IN
685 503 978 576 HERCULEM
1003 507 1220 580 OETAEUM

378 635 486 712 quidem
500 640 561 688 loco
582 634 725 707 legendum
748 636 782 690 eit
798 655 898 707 gerens,
922 655 981 709 qno
1002 639 1131 694 vocabule
1146 657 1216 712 rupe
1233 639 1445 700 oonluntlutttur‘.

377 717 525 773 Tentubnm
539 716 628 786 itaque
636 717 722 783 fieus,
735 714 762 767 id
775 731 829 780 eet,
845 718 968 770 immanis
980 730 1007 771 et
1022 737 1037 770 o
1052 721 1131 772 bouie
1149 721 1270 774 moribnn
1285 723 1445 790 abhorrent,

380 813 410 853 ut
423 796 472 868 qni
484 796 522 849 rio
535 795 608 848 fellat
623 793 787 864 depotitum.
800 797 852 848 Vel
865 797 947 864 serum
959 816 1080 866 grassetur,
1098 800 1116 850 i.
1135 817 1158 854 e.
1177 817 1293 870 preerunt
1317 803 1367 856 len’
1390 803 1447 856 rire

378 878 454 950 eqni,
468 874 553 945 qualis
565 891 668 945 menne
680 875 883 929 Centaurorum.
896 875 975 930 ovid.
989 877 1054 931 Met.
1070 879 1139 943 xll,
1158 898 1211 933 ou
1228 902 1235 932 ε
1256 907 1268 930 ι
1280 881 1447 953 Nubigena-

380 975 432 1030 que
447 955 530 1022 seros,
551 978 563 1000 ι
582 965 609 1006 et
627 955 693 1006 Mot.
713 955 784 1018 ΧΠ,
811 954 887 1018 tio:
912 978 924 1001 ι
936 957 1140 1028 quadrupedantis
1159 959 1273 1014 oreti.-
1300 962 1384 1014 Boru.
1406 994 1447 1006 —

381 1035 532 1104 Complexus.
548 1033 624 1087 MSS.
637 1034 801 1104 complerem
822 1034 866 1086 elii
883 1053 1038 1106 compressam
1051 1051 1078 1090 et
1091 1039 1232 1107 amplerum.

421 1114 487 1168 516.
501 1113 640 1185 Consequor
651 1125 668 1166 t.
678 1115 736 1181 fug.
747 1113 822 1168 MSS.
837 1133 930 1168 omnes
945 1116 1014 1182 lere,
1025 1122 1176 1190 consequitur
1190 1130 1208 1170 t.
1217 1119 1244 1186 s.
1260 1117 1338 1172 Solue
1354 1121 1447 1184 8032,

377 1209 404 1248 et
415 1199 521 1266 requitur
534 1206 553 1246 t.
562 1195 588 1261 s.

422 1276 486 1329 520.
506 1273 599 1326 Tolum
608 1273 725 1343 flirentem
737 1271 852 1326 uulneris.
867 1273 1007 1338 Probent,
1025 1275 1101 1330 nullo
1114 1288 1241 1348 excepto,
1257 1296 1350 1332 ornner
1369 1279 1447 1333 MSS.

383 1382 395 1404 ι
410 1356 498 1408 tabem
514 1352 621 1406 fluentis
632 1351 763 1416 vulneris,
782 1376 792 1397 ι
808 1364 845 1404 snt
856 1354 950 1422 probe.

423 1435 489 1488 5²1.
513 1433 616 1502 Ungula
631 1435 742 1484 insertum
760 1451 817 1483 suae.
837 1431 938 1485 Omnes
953 1431 1030 1486 MSS.
1046 1446 1072 1486 et
1087 1435 1153 1488 libb.
1173 1461 1184 1482 ι
1199 1437 1297 1506 ungule
1320 1435 1448 1491 intertum

382 1532 436 1568 run.
454 1539 464 1561 ι
484 1513 580 1565 Melino
601 1523 681 1576 esset,
704 1511 741 1563 uit
752 1511 870 1582 Lipsius,
891 1510 1052 1584 legendum,
1078 1537 1088 1557 ι
1100 1514 1206 1585 ungu]
1216 1516 1418 1570 intentamente.
1432 1542 1444 1563 ι

382 1595 438 1648 Nor
455 1591 526 1664 vulg.
542 1609 687 1644 servamus.
741 1597 746 1612 ¹

425 1673 491 1728 525.
507 1671 600 1722 Docuit
612 1689 693 1722 nurus.
707 1670 782 1724 MSS.
797 1671 881 1724 noetri
897 1683 922 1722 et
934 1684 996 1724 vett.
1010 1669 1072 1725 edd.
1088 1677 1179 1726 monuit
1190 1693 1280 1727 miurus.
1295 1674 1352 1727 MS.
1362 1677 1449 1739 8024,

383 1759 551 1814 movituurus,
570 1750 647 1802 mule.

424 1833 491 1902 5²7·
506 1832 589 1883 Astris
608 1831 695 1880 relictis
708 1847 718 1880 .·
731 1829 805 1880 illitas
822 1842 901 1880 vestes
912 1829 990 1884 dabir.
1011 1831 1090 1884 Both.
1101 1868 1110 1896 ,
1123 1843 1153 1884 ut
1165 1845 1204 1886 eet
1216 1833 1276 1902 plut
1289 1851 1365 1902 tequo
1381 1832 1452 1885 deli·

383 1926 472 1975 ortus,
491 1912 619 1981 proponit
635 1907 819 1972 scribendum,
843 1921 891 1961 ost.
906 1928 927 1962 r.
946 1911 1033 1961 illitam
1047 1923 1153 1973 vestem
1172 1930 1206 1964 ne
1218 1915 1248 1965 τὸ
1261 1913 1451 1984 sfrequentiue

382 1992 453 2045 sitin
469 1991 521 2042 hoc
541 2007 626 2041 versu.

423 2071 488 2124 531.
518 2072 637 2139 Aspiciat.
661 2067 738 2120 MSS.
762 2066 879 2137 aliquot,
894 2069 1040 2139 conspiciat,
1064 2087 1119 2120 non
1140 2067 1280 2124 deficiente
1303 2075 1381 2124 renen
1403 2085 1453 2126 aut

384 2167 468 2204 veron.

426 2229 493 2296 537.
510 2229 621 2280 Tacitum
632 2229 734 2277 intimas.
745 2225 819 2295 Lipe.
838 2237 862 2275 et
882 2237 948 2277 tactu
964 2229 1068 2278 intimas.
1084 2227 1245 2281 Heineiunur
1259 2231 1353 2300 major,
1363 2233 1454 2282 tueitru

386 2315 452 2362 imus.
467 2308 613 2360 verissime
627 2305 780 2358 Gronovius
797 2305 934 2358 correxit:
964 2331 975 2352 ι
989 2319 1014 2358 et
1035 2306 1144 2358 tacitum
1167 2306 1271 2360 intimus
1292 2309 1375 2362 Intret
1394 2327 1454 2362 me·

386 2389 481 2443 (lullae.
498 2412 509 2434 ι
536 2387 647 2438 Tacitum
667 2397 706 2436 est
727 2397 846 2446 tectum,
867 2385 966 2449 lutens,
987 2404 1102 2448 caecum,
1127 2400 1264 2440 secretum.
1289 2389 1390 2442 Confer
1417 2387 1453 2442 de

384 2471 436 2524 b'oo
446 2485 496 2519 neu
507 2466 579 2517 viros
589 2465 681 2518 doctos
695 2463 730 2516 od
745 2460 826 2516 Ovid.
843 2463 951 2516 Metam.
965 2465 1028 2529 XV,
1047 2485 1072 2518 v.
1087 2465 1152 2534 ²7⁵·
1167 2457 1236 2534 (Ed.
1250 2480 1318 2519 nost.
1332 2468 1387 2520 vol.
1401 2468 1453 2532 lv,

386 2569 447 2621 pag.
463 2548 530 2614 517,
541 2545 570 2598 in
584 2535 665 2612 nott.)

428 2628 493 2690 542.
516 2626 613 2692 Qraeatit.
635 2623 764 2676 Soloecum
782 2633 836 2686 eet,
855 2621 943 2692 inquit
957 2622 1091 2688 Botheur,
1108 2623 1184 2694 quod
1203 2625 1266 2677 libri
1281 2625 1380 2680 hubent
1394 2647 1456 2700 quu-

388 2711 426 2759 tit.
448 2706 509 2758 Soio
533 2704 622 2775 plures
645 2701 776 2773 ejusmodi
795 2700 869 2753 locos
887 2719 942 2753 eree
957 2702 984 2753 in
1001 2703 1190 2773 scriptoribue;
1212 2702 1258 2756 red
1281 2706 1456 2776 corrigendos

387 2803 481 2840 omnes
501 2801 556 2835 esre
576 2783 637 2846 uio,
660 2793 686 2833 et
699 2779 841 2850 legendum
862 2783 950 2850 queatis.
971 2781 1035 2833 Mox
1057 2783 1157 2835 nollem
1180 2781 1266 2835 codici
1286 2785 1357 2838 Flor.
1380 2785 1457 2839 Gro-

386 2865 481 2918 novius
495 2863 713 2932 obtemperasset,
730 2859 882 2931 prreierenti
893 2881 923 2910 ee
934 2878 1030 2926 umero,
1052 2860 1123 2914 unde
1134 2863 1179 2914 ille
1187 2883 1217 2914 ex
1229 2855 1336 2928 inuenero,
1355 2863 1386 2916 id
1397 2877 1457 2930 eet,

385 2944 489 3016 inquit,
505 2968 516 2991 ι
531 2960 563 2994 ex
580 2953 654 3012 parte
673 2940 760 3010 coryti
780 2939 834 2990 sive
853 2938 996 3007 pharetrae,
1020 2957 1079 3010 qun
1097 2942 1210 2995 maxime
1224 2954 1298 2996 tuum
1310 2944 1458 2998 humerum

387 3036 493 3095 gruunt,
506 3021 568 3092 quin
581 3020 715 3090 graviores
734 3018 838 3088 sagittae
856 3017 1008 3071 contineo·
1028 3021 1109 3074 Certe
1131 3023 1183 3074 hoc
1202 3021 1260 3092 ipro
1274 3022 1371 3076 Seneca
1388 3025 1459 3078 affe-

388 3116 496 3236 “²¹5¹ng
511 3179 602 3232 Fronte
612 3178 690 3230 urbita
703 3179 796 3229 torruit.
808 3174 851 3228 Sic
865 3173 996 3228 Commel.
1009 3177 1047 3230 At
1059 3177 1136 3232 Mss.
1146 3192 1173 3232 et
1190 3179 1254 3234 edit.
1269 3179 1351 3245 libri,
1362 3185 1457 3236 timuit.

390 3263 451 3315 Non
470 3261 557 3331 placet
575 3260 691 3312 Grutero
706 3257 795 3309 subito.
807 3256 941 3310 Veniebat
952 3256 980 3308 in
995 3271 1110 3311 mentem
1122 3297 1130 3324 ,
1151 3278 1204 3310 cum
1212 3259 1296 3327 frome
1310 3261 1459 3325 subditiva,-

390 3343 426 3394 itr
441 3338 547 3412 quidem
566 3352 596 3391 ut
611 3350 656 3391 aut
673 3338 809 3390 tolleretur
826 3338 927 3398 tumuit,
952 3347 996 3390 rut
1015 3337 1127 3390 rlterum
1148 3338 1285 3409 epitheton
1307 3355 1460 3412 poneretur·

389 3421 450 3474 loon
464 3427 507 3472 τοῦ
522 3418 638 3488 rapidum.
909 3453 911 3460 ·

433 3498 499 3554 561.
526 3499 624 3570 Tuque,
643 3518 658 3548 o
677 3513 776 3548 nouerca
795 3498 894 3564 grauior
910 3497 940 3547 ir.
962 3495 986 3546 d.
1013 3495 1131 3549 Botheur
1152 3495 1282 3551 adnotet:
1303 3498 1461 3571 «Plerique

393 3597 484 3632 ornnes
497 3577 570 3642 libri,
585 3605 595 3624 ι
608 3590 652 3638 tu,
666 3576 711 3646 qui
731 3591 844 3626 noverca
863 3593 891 3628 ee
905 3594 931 3646 g.
946 3573 963 3628 i.
978 3573 1006 3628 d,
1024 3601 1035 3622 ι
1057 3587 1083 3628 et
1095 3588 1158 3630 vett.
1173 3575 1234 3630 edd.
1246 3596 1330 3649 quum
1343 3581 1376 3630 nb
1391 3579 1462 3634 Aldi

390 3657 556 3712 discesseris:
577 3682 588 3703 ι
602 3667 629 3707 tn
643 3655 689 3724 qui
702 3673 764 3706 nov.
778 3653 893 3724 gravior.
903 3681 915 3702 ·
931 3655 1058 3709 Probevit
1076 3655 1153 3708 etium
1172 3657 1291 3711 Gronov.
1304 3659 1359 3711 Cur
1371 3659 1462 3729 igitur

390 3739 417 3791 in
428 3751 517 3791 notum
527 3735 670 3806 relegavit?
682 3752 743 3786 nrm
754 3735 882 3786 sententie
896 3735 953 3804 iper
959 3735 1080 3805 requirit,
1091 3753 1152 3806 quae
1160 3736 1218 3790 bero
1231 3749 1278 3801 ert,
1292 3736 1463 3810 Cupidinem

391 3817 483 3870 vicisse
494 3816 599 3877 lovem,
609 3812 703 3866 vicieee
718 3814 875 3878 Plutonem,
889 3812 1029 3884 eidemque
1039 3815 1076 3867 ob
1086 3813 1115 3867 id
1126 3815 1214 3887 ipsum
1225 3807 1341 3888 (Tuque,
1359 3816 1389 3871 id
1400 3832 1463 3884 eet,

391 3910 420 3950 tu
433 3886 559 3968 quoque)
571 3905 596 3944 et
614 3892 753 3946 Herculem
770 3895 824 3962 jum
837 3911 893 3945 erre
908 3891 1067 3946 vincendum
1079 3932 1088 3959 ,
1102 3894 1154 3947 illie
1170 3895 1390 3967 comparendum.

434 3977 500 4030 ⁵62.
510 3973 581 4024 Solus
591 3976 676 4025 «vinee.
688 3972 857 4026 Florentinur
870 3991 877 4023 r
894 3997 904 4018 ι
919 3972 991 4024 noluo
1001 3986 1027 4025 et
1038 3974 1114 4028 vince
1127 3975 1279 4030 Herculem.
1295 4002 1306 4023 ι
1323 3975 1376 4030 Sed
1388 3979 1463 4032 alte-

391 4075 451 4109 rum
465 4052 611 4117 eflioncine,
629 4064 654 4104 et
666 4050 791 4122 myndetn
805 4064 875 4106 amnt
889 4051 1008 4104 nlieotue.

433 4135 497 4198 564.
515 4133 593 4184 Terta
600 4132 745 4198 sumtrlurerr
755 4151 858 4184 manum.
870 4131 942 4184 Flor.
946 4129 1097 4197 solidarum.
1110 4134 1229 4188 Fortunae
1238 4133 1380 4205 tegendum
1389 4154 1465 4190 oon-
