3130 5118
275 509 552 579 HERCULES
577 511 790 581 OETAEUS.
817 513 924 581 AGT.
953 515 992 582 V.
1103 534 1169 608 107

157 636 274 704 Arsura
293 633 422 728 poscit:
445 629 543 702 latuit
564 634 598 702 in
616 632 725 728 spolio
740 658 851 728 rogus.

156 745 319 840 Ingemuit
336 742 445 812 omnis
464 744 584 830 turba,
600 770 662 814 nec
683 743 835 814 lacrimas
854 742 953 813 dolor

157 856 316 950 Cuiquam
334 853 488 924 remisit:
508 869 613 924 mater
632 856 666 924 in
685 854 811 924 luctum
831 854 947 923 furens

156 964 298 1034 Deduxit
317 964 453 1034 avidum
470 979 605 1058 pectus,
624 980 725 1059 atque
742 981 838 1036 utero
855 979 952 1033 tenus

156 1078 288 1144 Exserta
306 1090 417 1145 vastos
435 1076 538 1144 ubera
560 1076 594 1145 in
616 1075 771 1170 planctus
787 1074 882 1161 lerit3
1122 1093 1172 1146 ¹⁶⁷⁰

156 1187 361 1280 Superosque
382 1200 416 1254 et
434 1186 543 1280 ipsum
560 1187 697 1256 vocibus
718 1185 855 1281 pulsans
872 1187 1005 1273 lovem,

156 1294 308 1390 Implevit
329 1321 463 1365 omnem
487 1321 567 1366 voce
587 1296 730 1366 feminea
750 1296 872 1366 locum.

156 1405 337 1474 «Deforme
353 1403 474 1491 letum,
491 1422 609 1493 mater,
627 1405 829 1476 Herculeum
852 1405 956 1476 sacis:

155 1519 364 1609 «Compesce
382 1515 553 1604 lacrimas,
570 1518 704 1612 inquit:
728 1518 891 1586 introrsus
910 1516 1006 1586 dolor

156 1629 357 1697 «Femineus
373 1627 481 1697 abeat.
496 1632 586 1697 luno
603 1653 663 1698 cur
681 1627 792 1697 laetum
812 1626 900 1696 diem
1119 1655 1170 1707 1⁶7⁵

153 1741 225 1807 a'l’e
244 1737 346 1807 flente
366 1736 486 1806 ducat?
504 1735 631 1831 pellicis
652 1736 775 1832 gaudet
797 1761 864 1805 suae

150 1850 333 1940 «Spectata
350 1847 526 1918 lacrimas:
548 1849 684 1918 contine
703 1847 876 1918 infirmum
891 1847 999 1939 jecur,

150 1959 308 2028 «Maters
327 1958 419 2027 nefas
438 1972 487 2027 cst
507 1958 611 2028 ubera
629 1975 728 2053 atque
747 1974 878 2026 uterum
899 1959 960 2025 tibi

153 2069 341 2152 «Ianiare,
361 2068 421 2161 qui
440 2092 493 2138 me
513 2070 670 2162 genuit.»
685 2072 729 2137 Et
749 2068 859 2137 dirum
878 2067 1040 2154 fremens,

153 2175 269 2265 Qualis
294 2201 355 2272 per
373 2177 474 2247 urbes
492 2178 588 2248 duxit
609 2177 782 2274 Argolicas
803 2202 937 2265 canem,
1122 2197 1174 2236 1⁶⁸0
1272 2201 1275 2209 ·

154 2287 269 2376 Quum
289 2287 397 2356 victor
414 2290 515 2357 Erebi
532 2290 613 2360 Dite
631 2304 802 2359 contemto
825 2288 926 2358 rediit

113 2475 249 2530 matidiae
263 2487 353 2529 sutem
366 2475 436 2546 pelle
449 2477 535 2531 leonis
547 2479 616 2531 Her·
660 2478 765 2532 Senect.
779 2496 837 2548 cap.
856 2475 910 2547 73,
934 2476 1064 2549 subjicit:
1086 2504 1097 2526 ι
1113 2479 1174 2533 Non

115 2554 176 2608 cules
189 2555 302 2609 indutus
316 2556 441 2627 fingitur3
457 2557 521 2628 quia
535 2557 616 2628 prisci
660 2569 751 2611 censet
783 2555 926 2627 lugendam
957 2573 1014 2610 esse
1039 2571 1174 2625 mortem,

113 2633 222 2690 homiues
236 2637 356 2689 ferarum
372 2636 488 2707 pellibus
502 2655 618 2708 corpora
660 2656 740 2709 7111111
754 2637 938 2691 immortalitas
951 2651 1136 2708 consequatur.
1150 2663 1162 2686 ν

113 2731 153 2768 sua
165 2717 298 2787 tegebant.
313 2716 420 2769 Lucret.
433 2718 469 2781 V,
488 2719 556 2787 9⁵²·
704 2720 787 2787 1674.
804 2717 925 2770 Introrsus
938 2717 1017 2770 dolor.
1034 2717 1075 2770 Sic
1095 2720 1172 2772 etiam

147 2799 228 2850 1666.
238 2796 337 2850 latuit.
346 2795 427 2849 Pellis
436 2814 533 2868 rogum
544 2815 616 2850 sum·
659 2796 782 2869 loquitur
795 2797 823 2849 iu
836 2797 947 2850 Consol.
959 2795 992 2849 ad
1006 2797 1101 2868 Polyb.
1118 2805 1173 2862 ad:

112 2889 175 2928 uara
190 2877 271 2930 texit.
665 2904 676 2927 ι
691 2877 794 2948 projice
804 2896 909 2929 omnem
919 2895 952 2930 ex
961 2889 1021 2930 toto
1029 2877 1118 2931 animo
1129 2877 1178 2930 do·

146 2959 228 3012 1668.
250 2956 285 3008 Irr
298 2955 388 3008 luctum
401 2955 510 3008 deduxit.
520 2955 618 3011 Luctui
662 2957 762 3022 loreum
777 2957 817 3009 sin
829 2959 932 3020 miuus,
946 2960 1062 3009 introrsus
1071 2956 1139 3011 abde
1150 2970 1177 3011 ct

111 3031 215 3090 nimium
231 3033 384 3105 indulgens.
661 3037 782 3101 contine,
798 3055 832 3089 ne
843 3050 977 3108 appareat.
993 3063 1005 3085 ν

145 3115 618 3187 1669.Arr'dursr,planctusetpoeuae
705 3119 790 3187 1676.
813 3116 907 3168 Laetam
926 3115 988 3168 diem
1009 3116 1104 3180 ducat,
1124 3116 1177 3170 tuis

111 3192 217 3248 addam.
661 3196 791 3251 insultans
803 3196 927 3248 lacrimis.

145 3272 615 3345 1670.Emrsa,ue.v1d.anim·
706 3283 789 3347 1677.
809 3277 892 3340 Jecur,
912 3275 1040 3344 affectus,
1059 3295 1176 3347 quorum

110 3349 203 3408 advers.
215 3352 251 3407 ad
263 3352 365 3408 calcem
378 3356 435 3409 leb.
660 3357 737 3427 jecur
747 3354 829 3410 sedes.
839 3356 904 3427 Sap.
917 3375 943 3408 r.
960 3355 1024 3426 574.

144 3437 228 3505 1671.
243 3435 368 3500 Pulsum,
390 3435 564 3505 compellans.
578 3465 618 3477 -·
706 3437 790 3507 1678.
806 3436 903 3500 Ubera,
921 3455 972 3507 pro
989 3454 1064 3489 more
1082 3437 1175 3507 lugen-

107 3511 199 3566 Patren·
203 3555 212 3581 ,
221 3516 385 3569 observante
391 3513 501 3568 Barthio
508 3513 543 3569 ad
550 3516 617 3570 Stat.
662 3516 739 3570 tium.
747 3515 812 3569 vid.
822 3515 921 3569 Troad.
936 3535 961 3568 ν.
974 3517 1021 3570 88.

107 3589 187 3647 Theb.
196 3596 251 3660 IV,
263 3612 292 3647 v.
305 3600 373 3664 477,
382 3594 472 3649 omnia
481 3594 619 3664 dicuntur,
705 3600 791 3666 1679.
807 3599 859 3665 Qui
880 3616 915 3647 me
934 3599 1027 3666 genuit.
1052 3595 1177 3648 Plateia

105 3687 158 3741 que
171 3675 361 3740 sollicitantur,
369 3686 514 3730 evocantur
520 3689 546 3729 et
552 3694 619 3748 qao·
662 3677 823 3730 Menexeoo:
835 3676 995 3747 κιίφίροντις
1004 3676 1047 3746 μίν
1055 3672 1174 3745 ἀνδρείως

108 3766 217 3826 mosque
230 3752 317 3808 modo
328 3768 484 3826 poscuntur.
500 3757 568 3809 Bao.
662 3757 704 3810 ael
721 3754 860 3826 συμφορὰς,
882 3752 981 3820 δόξουσι
1003 3763 1039 3826 τῷ
1062 3757 1113 3808 ίντι
1134 3756 1178 3807 ἀν·

143 3838 230 3904 1671.
245 3834 373 3904 Implevit,
389 3834 510 3890 etc.Vid.
525 3834 617 3890 Anim.
662 3833 749 3908 <ipsius
763 3831 862 3889 scaldus
875 3839 979 3907 πατίρις
991 3831 1064 3893 εἶναι,
1080 3834 1121 3888 καί
1136 3837 1180 3887 αὐ-

146 3915 231 3984 1673.
252 3915 369 3982 Deforme
385 3916 467 3968 latum
484 3914 543 3968 lluc
556 3915 620 3968 facit
663 3917 702 3970 τοί
715 3921 829 3983 τοιοῦτον·
843 3917 985 3978 Maleates:
1006 3912 1050 3982 dl,
1071 3916 1177 3983 ὑποψίαν

108 3987 172 4046 illud
185 3995 271 4048 Ennii
287 4015 295 4045 2
312 4020 323 4042 ι
341 3996 427 4048 Nemo
446 4014 489 4047 me
503 3995 621 4050 lacrimis
664 3996 845 4068 παρτίξουσινῆ
871 3999 905 4067 μὴ
930 3999 1044 4067 ἡμίτιροι
1067 3989 1142 4060 eisaei,
1162 3995 1180 4050 ἢ

106 4067 324 4146 &somnusque
335 4073 617 4128 lacerationum..
664 4078 734 4148 ἡμῶν
760 4077 816 4138 τοὺς
843 4080 1003 4137 transcurre<
1026 4069 1182 4142 καταψεύδε-

107 4149 184 4217 Quod
201 4171 290 4226 quom
307 4152 461 4210 adduxisset
475 4155 570 4210 Cicero
586 4153 621 4209 de
666 4161 731 4212 ctas.
743 4189 783 4201 -
802 4158 840 4211 Et
856 4157 943 4210 diriora.
967 4157 1001 4210 Et
1017 4155 1070 4210 hoc
1088 4153 1184 4216 dicto,
