3130 5108
665 528 703 595 n.
730 527 907 598 auum
934 515 1151 600 sauneio

519 647 658 719 Daulias
676 647 742 718 ales
761 648 845 718 solet
863 653 1000 720 lsmaria

520 758 615 850 Flere
633 761 694 829 sub
713 760 857 830 umbra:
875 761 1017 831 formam
1039 761 1183 832 lacrimis

520 879 643 972 aptate
662 871 762 957 meis,
782 885 979 965 resonetque
996 871 1091 942 malis

518 985 646 1074 Aspera
663 979 835 1049 Trachin:
857 983 981 1076 Cypria
1001 982 1153 1052 lacrimas

517 1090 656 1184 Myrrha
674 1103 812 1160 tuetur:
837 1105 971 1184 raptum
993 1095 1116 1186 conjux

518 1202 626 1292 Ceyca
645 1199 775 1294 gemit:
797 1199 860 1268 sibi
879 1200 1027 1270 Tantalis
1045 1217 1097 1272 est

517 1313 617 1378 Facta
635 1325 820 1404 superstes:
841 1308 927 1404 fugit
947 1311 1058 1390 vultus

516 1418 703 1488 Philomela
726 1443 819 1505 suos,
841 1432 1024 1516 natumque
1043 1439 1140 1491 sonat

518 1528 652 1599 Flebilis
673 1529 808 1599 Atthis:
829 1553 891 1600 cur
908 1555 982 1600 mea
1004 1532 1154 1601 nondum

517 1640 668 1735 Capiunt
687 1638 840 1710 volueres
857 1641 993 1711 brachia
1014 1641 1168 1737 plumas?

519 1749 630 1833 Felix,
648 1748 744 1839 felix,
763 1773 868 1845 quum
890 1752 972 1822 silva
992 1752 1112 1823 domus

515 1861 640 1930 Nostra
659 1857 802 1946 leretur,
820 1862 997 1956 patrioque
1020 1861 1135 1932 sedens

518 1968 594 2039 'Ales
617 1970 652 2036 in
673 1994 754 2063 agro
774 1969 913 2040 referam
934 1971 1076 2065 querulo

517 2081 692 2146 Murmure
711 2103 822 2168 casus;
848 2079 1084 2176 volucremque
1102 2081 1197 2152 Iolen
1403 2105 1447 2144 20⁵

519 2191 622 2258 Fama
640 2187 805 2284 loquetur.
820 2189 922 2275 Vidi,
941 2190 1010 2260 vidi

518 2299 712 2370 Miseranda
728 2301 795 2372 mei
814 2301 882 2371 fata
901 2303 1068 2396 parentis,

433 2428 439 2444 ’
519 2413 653 2501 Quum,
672 2409 802 2481 letifero
823 2413 936 2506 stipite
954 2399 1086 2507 pulsus,

517 2525 603 2589 Tota
617 2521 724 2614 jacuit
741 2545 875 2617 sparsus
898 2523 934 2591 in
955 2521 1042 2594 aula.

519 2629 629 2715 Proh,
652 2630 679 2697 si
698 2630 865 2700 tumulum
882 2631 950 2700 lata
970 2631 1155 2714 dedissent,

417 2785 480 2836 19²·
494 2765 609 2818 Daulias.
621 2763 767 2820 Philomela
781 2762 844 2832 (rel,
855 2779 885 2820 ut
970 2786 1033 2836 ¹9⁹·
1050 2765 1152 2818 Fatua
1166 2750 1261 2820 'Atetta
1277 2763 1402 2829 Procne,
1419 2781 1450 2822 et

373 2847 436 2914 alii,
452 2837 566 2910 Procne)
579 2846 607 2897 in
619 2843 759 2899 lusciniam
773 2863 885 2900 conrar-
929 2845 1076 2900 Philomela
1082 2843 1211 2913 Atthides,
1219 2843 1447 2900 Pandioniafiliae.

373 2948 419 2981 aa:
434 2946 449 2980 a
466 2921 580 2978 Daulida
598 2943 663 2996 opp.
682 2922 817 2978 Phocidos
836 2925 885 2980 snb
971 2944 1032 2980 aor.
1049 2925 1129 2980 Felix.
1142 2926 1167 2978 Ο
1179 2925 1242 2980 felix
1253 2943 1350 2990 assem,
1366 2925 1392 2978 ai
1416 2939 1449 2979 ut

371 3005 475 3060 ditione
485 3005 574 3057 Terei.
584 3005 676 3076 Agant.
688 3023 728 3058 rr.
742 3004 808 3058 665.
928 3005 974 3059 illa
993 3025 1042 3078 ego
1059 3003 1115 3059 avis
1133 3006 1202 3060 lacta
1222 3005 1252 3058 in
1269 3005 1343 3060 tilria
1364 3023 1451 3059 casua

415 3087 480 3154 193·
490 3081 603 3136 Formam
615 3084 720 3138 lacrimis
728 3089 883 3155 optatamar's.
927 3103 1001 3140 meos
1014 3104 1150 3157 quererer.

374 3167 451 3219 Hanc
462 3165 528 3218 rnihi
538 3165 651 3217 formam
663 3176 766 3235 aptate,
777 3176 804 3216 et
815 3165 884 3220 hanc
969 3170 1032 3219 206.
1048 3165 1124 3231 Vtut,
1137 3163 1200 3218 vtdt.
1219 3161 1341 3236 Hygino·
1354 3163 1385 3216 in
1404 3164 1452 3219 fa·

374 3257 515 3309 naturam,
533 3263 591 3315 quae
601 3243 736 3314 lugentem
748 3254 775 3297 et
789 3263 884 3318 parpe-
926 3245 1015 3299 bulis:
1039 3273 1050 3294 ι
1063 3245 1207 3310 Hercules,
1225 3243 1330 3316 inquit,
1353 3261 1452 3314 quum

374 3325 428 3378 tuis
438 3322 589 3377 damnatam
603 3321 742 3377 dolorrhus
754 3321 854 3378 deceat.
927 3324 1003 3378 Iolen
1016 3324 1112 3395 Euryti
1132 3324 1215 3378 filiam
1236 3323 1266 3376 in
1284 3322 1450 3394 conjugium

419 3401 883 3473 195.Trachin.Troad.136et816‚
927 3405 1057 3474 petiisset,
1073 3405 1172 3475 illaque
1186 3422 1247 3457 eum
1260 3400 1451 3474 repudiasset,
1538 3397 1542 3404 ’

416 3487 481 3552 196.
496 3483 598 3554 Myrrha
613 3493 700 3536 luatur.
716 3485 828 3554 Cynarae
840 3502 883 3536 re·
928 3483 1087 3538 OEchaliam
1102 3483 1283 3555 expugnarit:
1297 3481 1359 3554 qui,
1380 3498 1418 3538 ut
1432 3505 1451 3540 a

370 3562 413 3634 gis
422 3561 476 3616 filia
486 3581 500 3614 a
512 3575 586 3634 patre
598 3562 680 3616 inscio
697 3563 881 3635 impregnata:
927 3563 1030 3634 virgine
1038 3576 1184 3634 rogaretur,
1193 3574 1315 3634 parantes
1326 3565 1386 3634 ejus
1397 3581 1452 3618 oo·

372 3645 465 3714 cujus,
486 3640 534 3694 ubi
547 3643 680 3707 rescisset,
699 3643 766 3695 iram
781 3643 883 3714 fugiens
926 3660 983 3695 rom
997 3662 1027 3696 aa
1041 3642 1190 3696 interlicere
1204 3643 1271 3696 velle
1285 3641 1365 3714 caepit
1377 3661 1386 3696 :
1399 3643 1454 3699 illa

372 3721 736 3786 inSabaeam,mutataeatin
748 3723 884 3794 myrrham
926 3723 1016 3777 animo
1038 3722 1208 3794 pertinacior,
1231 3732 1354 3792 parantes
1378 3742 1453 3779 auos

371 3801 541 3856 arborem-
547 3800 617 3870 Conj.
626 3801 764 3872 Clalgam.
771 3821 807 3854 vs.
816 3806 882 3872 674.
927 3814 987 3856 ante
996 3822 1024 3856 re
1032 3802 1121 3855 necari
1131 3815 1170 3855 eat
1181 3819 1312 3873 perpessa.
1322 3825 1334 3848 ι

419 3879 677 3954 197.Sttts.sap.1n
688 3880 801 3952 lapidem
809 3883 885 3952 quip·
969 3885 1033 3937 noe.
1044 3881 1146 3953 Stipite,
1159 3881 1231 3934 clara
1242 3878 1380 3935 Herculia.

373 3979 409 4030 pe
422 3957 563 4024 obduruit,
583 3960 628 4032 qni
654 3961 766 4013 formam
785 3961 884 4016 Niobes
970 3981 1033 4031 ²09·
1062 3961 1180 4034 Sparsro,
1205 3960 1336 4015 contritus
1358 3973 1391 4014 et
1419 3963 1455 4016 in

372 4041 484 4107 retinet,
502 4040 687 4112 lacrimariqua
700 4039 814 4096 ridetur.
927 4041 1009 4112 stuata
1024 4042 1152 4096 continua.

416 4119 479 4190 198.
500 4119 586 4190 Fugit.
609 4121 713 4175 Mutata
732 4121 832 4176 scilicet
854 4122 882 4176 in
969 4141 1031 4176 aro.
1046 4120 1075 4175 Sl
1095 4121 1217 4174 tumulum.
1229 4119 1351 4173 Imitatur
1370 4119 1455 4178 illud
1495 4176 1501 4182 ,

368 4219 453 4252 avem.
468 4200 534 4270 Sup.
548 4219 586 4254 vs.
603 4219 663 4268 19²·
926 4220 963 4254 vs.
976 4201 1047 4256 1256
1058 4213 1084 4255 at
1097 4205 1169 4270 1269
1182 4198 1292 4270 llippol.
