3130 5108
305 517 584 586 nuncupes
611 518 822 587 omnus.
849 519 958 588 scr.
985 522 1012 588 1.
1171 545 1189 616 7

173 641 333 730 Intraque
355 653 485 730 nostras
502 640 651 709 substitit
668 654 770 710 metas
791 640 869 710 dies.

174 748 304 816 Natura
324 749 445 818 cessit:
467 765 554 819 terra
576 750 696 820 defecit
714 749 864 845 gradum.

173 855 299 924 luxata
317 858 411 950 prior
430 874 479 928 est
495 885 586 948 nox3
606 877 640 930 et
656 877 840 932 extremum
860 862 961 932 chaos

173 967 214 1032 ln
232 990 286 1034 me
301 967 486 1039 incucurrit
505 997 513 1040 :
535 971 614 1040 inde
630 972 673 1042 ad
692 973 782 1041 huuc
800 974 915 1042 orbem
934 973 1038 1060 redii,

173 1074 275 1144 Unde
295 1103 395 1147 omne
412 1095 502 1150 retro
523 1099 572 1152 est
586 1109 594 1152 ε
609 1081 746 1152 tulimus
769 1085 896 1154 Oceani
918 1087 1044 1171 minas,

172 1187 243 1254 Nec
263 1184 330 1256 ulla
349 1187 453 1258 valuit
470 1207 606 1286 quatere
625 1206 801 1287 tempestas
818 1208 942 1279 ratem,
1167 1215 1193 1252 ⁵0

94 1383 98 1390 Ι
174 1293 397 1392 Quacumque
413 1302 516 1394 pressi
535 1329 542 1370 :
564 1325 640 1396 pars
656 1317 761 1396 quota
780 1318 848 1389 est,
866 1327 966 1396 quam
985 1299 1192 1398 prosequor?

170 1405 245 1472 Jam
268 1431 390 1478 vacuus
412 1410 515 1480 aether
532 1427 727 1507 nonpotest
745 1413 823 1482 odio
841 1429 906 1482 tuae
996 1409 1000 1416 ’

169 1517 332 1587 Sufficere
351 1537 480 1616 nuptae3
501 1549 650 1617 quasque
666 1524 839 1593 devincam
862 1525 967 1610 feras,

171 1626 286 1697 Tellus
302 1631 398 1700 timet
417 1635 612 1726 concipere,
633 1659 693 1704 nec
713 1651 863 1704 monstra
882 1635 1017 1704 invenit.

171 1739 264 1806 Ferre
279 1756 456 1834 negantur.
480 1743 639 1814 Hercules
657 1746 798 1814 monstri
817 1745 892 1815 loco
1163 1769 1189 1806 ⁵⁵

170 1849 246 1915 Jam
263 1854 364 1944 coepit
383 1877 452 1922 esse
472 1880 479 1920 ε
498 1853 625 1949 'quanta
648 1879 739 1924 nuuc
758 1856 841 1949 fregi
864 1856 967 1937 mala,

171 1956 270 2044 Quot
286 1959 408 2030 scelera
430 1963 563 2036 nudus?
584 1965 749 2059 quidquid
766 1967 911 2036 immane
933 1967 1076 2049 obstitit,

171 2063 260 2134 Sole
282 2091 400 2138 manus
418 2087 590 2142 stravere:
609 2099 670 2144 nec
688 2075 822 2169 juvenis
841 2077 927 2146 feras

169 2177 305 2264 Timui,
323 2205 384 2250 nec
405 2183 538 2254 infans:
558 2185 722 2280 quidquid
738 2201 786 2255 est
803 2189 954 2280 jussum,
972 2185 1041 2258 leve
1057 2203 1116 2258 est.

171 2289 245 2356 Nec
267 2287 335 2358 ulla
355 2293 452 2362 nobis
472 2296 581 2390 segnis
597 2295 709 2367 ¹illtusit
731 2296 809 2365 dies.
1166 2317 1192 2359 ⁶0

170 2407 204 2467 0
226 2415 351 2494 quanta
369 2401 441 2471 fudi
459 2420 629 2492 monstra,
648 2429 722 2498 quae
742 2404 855 2474 nullus
874 2405 957 2472 mihi

170 2513 245 2580 Rex
266 2511 458 2605 imperavit!
481 2515 603 2584 institit
620 2517 724 2584 virtus
742 2513 824 2582 mihi

171 2623 449 2715 Junone'pejor:
468 2624 525 2694 sed
542 2625 623 2719 quid
645 2624 850 2719 impavidum
871 2649 974 2719 genus

170 2733 301 2800 Fecisse
320 2734 481 2826 prodest?
496 2759 565 2804 non
585 2737 710 2806 habeut
728 2759 842 2830 pacem
863 2736 941 2806 Dei.

169 2846 319 2937 Purgato
341 2843 438 2914 tellus
456 2849 566 2916 omnis
588 2847 623 2914 in
643 2845 723 2916 celo
741 2845 851 2932 videt,
1165 2873 1190 2910 σε

168 2952 420 3048 Quodcumque
440 2957 573 3025 timuit:
591 2954 761 3026 transtulit
778 2959 867 3024 Juno
886 2955 979 3023 feras.

164 3115 215 3177 45.
228 3115 343 3186 Intraque
361 3125 470 3180 nostros,
489 3104 539 3168 sle.
563 3115 635 3167 lon·
720 3116 858 3178 &Aaou
871 3116 1009 3165 immund.
1018 3110 1082 3165 vid.
1095 3114 1185 3166 Anim.

127 3193 183 3263 gius
202 3195 339 3264 pertinent
364 3207 443 3246 meru
464 3193 635 3248 victorinum
720 3197 766 3257 48.
781 3193 851 3246 Μ
866 3210 933 3244 smne
948 3203 1013 3242 ntro
1027 3203 1071 3244 cst.
1090 3190 1117 3244 A
1132 3211 1186 3264 qno

128 3291 264 3336 mearum,
278 3291 357 3343 quam
371 3269 450 3327 meta
464 3273 526 3326 diei.
540 3307 581 3318 .-
592 3276 635 3327 Iu·
678 3275 768 3328 omnia
789 3272 863 3325 abira
879 3283 905 3325 et
918 3271 1067 3325 tetrasemi
1080 3287 1186 3326 neccsse

128 3364 171 3404 rm.
185 3353 234 3406 At.
246 3354 327 3419 lusi-a.
341 3353 406 3406 vid.
425 3352 567 3406 Aniruads.
679 3367 725 3407 est.
741 3351 805 3406 Vid.
820 3350 960 3405 Animadv.

165 3436 212 3496 46.
237 3433 348 3499 Defecit,
376 3435 432 3486 nou
457 3432 636 3504 suppeditavit
720 3432 765 3487 51.
794 3433 898 3496 nass.
917 3428 1036 3502 pondere
1066 3430 1186 3500 corporis

127 3513 191 3565 mini
206 3510 254 3565 nbi
269 3513 395 3566 sisterem.
677 3507 1053 3584 mei.-Pmsquar‚stc.Vid.
1063 3509 1187 3564 animet.

163 3599 212 3662 47.
224 3590 396 3645 tamtuvid.
404 3593 483 3663 prim.
493 3592 631 3646 Animadv.
696 3589 700 3598 ’
718 3593 766 3646 52.
777 3593 837 3645 Tuoe
847 3603 944 3662 nuptm
954 3589 1064 3641 lunoni.

126 3703 161 3713 -
169 3673 270 3724 ωιτη
280 3675 350 3742 prior
358 3684 395 3724 est
406 3691 463 3726 ms.
473 3671 505 3726 Id
517 3684 572 3736 est,
583 3691 632 3744 ago
718 3671 763 3743 57.
788 3672 875 3734 Mala,
901 3681 1027 3722 monstra.

14 3785 15 3788 =
126 3752 209 3805 noctis
223 3752 340 3822 prioris,
361 3751 445 3805 noctis
461 3770 540 3823 qnam
560 3754 632 3823 prio·
718 3755 765 3806 61.
784 3752 882 3806 Nullus.
899 3748 995 3802 Nullus
1015 3747 1187 3819 Eurystheus.

125 3849 178 3884 rem
187 3832 463 3901 expertusfueram‚et
472 3850 531 3902 qun
540 3844 634 3902 τεμεῖ
677 3831 719 3884 Cf.
734 3831 812 3884 Here.
826 3831 891 3883 Fur.
905 3828 952 3892 35,
963 3841 990 3881 et
1002 3827 1050 3880 inf.
1062 3829 1141 3881 180⁰.

126 3909 258 3974 interris,
271 3912 386 3982 spatium
399 3911 501 3973 laxavi,
516 3913 633 3982 protuli,
719 3911 766 3964 63.
780 3909 900 3974 Sedete.
914 3907 967 3962 ssd
978 3905 1044 3979 qnid
1055 3904 1191 3977 prodest·

14 4013 17 4048 r
127 3987 318 4056 damnum
330 3991 581 4064 aggressumlucem
592 4010 635 4045 sn·
677 4009 836 4061 magenere
846 3987 1050 4060 tuo,pmletna,
1063 3985 1189 4040 liberatos

126 4085 235 4138 pernam
252 4071 370 4144 reliqui,
384 4073 536 4126 versaturns'
551 4070 579 4125 in
596 4084 634 4127 te·
678 4082 752 4124 metu
763 4082 944 4124 monstrorum
953 4068 1092 4131 hominm
1106 4083 1192 4137 quum

127 4151 214 4204 nebris
228 4152 379 4224 plusquam
393 4171 409 4206 e
423 4151 508 4206 solito.
679 4150 724 4204 illa
737 4149 763 4203 iir
777 4150 872 4204 carlum
881 4150 954 4202 luno
969 4144 1152 4202 transtulerit?
1233 4219 1235 4222 Ι

1032 4240 1072 4310 ,l
