3130 5108
270 523 542 593 nsacunss
568 523 775 592 orimus.
802 523 909 591 scr.
937 525 983 592 n.
1118 523 1163 592 ss
1275 467 1279 481 ⁸

147 649 221 716 Non
239 646 348 716 ilectet
366 670 483 714 unum.
494 669 603 716 nuru.
617 647 709 715 Vicit
730 659 764 713 et
782 649 927 740 Superos
945 650 1059 715 Amor.

148 779 268 826 ossan.
287 757 451 826 Vincetur
467 757 526 824 uni
545 754 677 842 forsan,
698 769 730 823 et
749 753 892 848 spolium
915 754 1025 838 dabit,

149 871 317 961 Amorque
336 890 484 935 summus
504 866 561 934 liet
579 864 704 935 Alcidae
724 864 826 933 labor.
1159 937 1168 951 ν

149 975 211 1046 Sed
230 989 263 1044 te
283 1002 342 1070 per
359 1001 459 1044 omne
479 973 622 1044 caelitum
642 999 767 1044 numen
791 999 920 1067 precor,
1125 999 1163 1053 ις]

148 1087 211 1154 Per
227 1085 319 1154 huuc
337 1086 505 1173 timorem;
523 1084 687 1180 quidquid
708 1085 819 1153 arcani
843 1109 986 1178 apparo,
1085 1127 1091 1138 ·

150 1195 285 1266 Penitus
304 1195 480 1281 recondas,
497 1209 531 1263 et
552 1193 618 1263 fide
638 1196 737 1263 tacita
760 1217 899 1287 premas.

151 1329 255 1376 nurn.
271 1305 364 1396 Quid
381 1305 469 1374 istud
487 1320 556 1391 est,
573 1304 663 1399 quod
682 1329 752 1374 esse
770 1319 933 1374 secretum
952 1305 1062 1400 petis?

151 1440 271 1485 uersu.
287 1417 364 1484 Non
381 1413 557 1499 tolerunt,
576 1439 643 1482 non
662 1437 773 1500 arma,
792 1439 861 1483 non
879 1414 966 1508 ignis
984 1417 1106 1484 minax.

152 1549 255 1595 rura.
271 1528 431 1593 Praestare
450 1524 556 1595 fateor
576 1550 671 1618 posse
687 1549 741 1593 me
760 1525 894 1594 tacitam
910 1524 1030 1612 fidem,
1130 1549 1169 1592 n..

153 1635 186 1702 Si
203 1632 326 1702 scelere
346 1647 477 1702 carcat:
499 1635 633 1703 interim
652 1632 756 1703 scelus
778 1649 828 1703 est
850 1634 943 1707 fides.
1140 1619 1149 1640 ⁸

153 1769 277 1814 ossan.
293 1744 540 1837 Circumspice,
556 1743 718 1840 agedum,
735 1771 776 1813 ne
789 1747 863 1841 quis
880 1771 1001 1815 arcana
1016 1762 1172 1844 aucupet,

153 1857 353 1947 Partemque
371 1855 406 1921 in
428 1879 559 1924 omnem
578 1855 689 1927 vultus
706 1857 877 1950 inquirens
898 1872 961 1927 eat.

155 1989 261 2036 nuru.
285 1967 337 2032 Eu
357 1961 449 2034 locus
464 1965 506 2033 ab
523 1966 615 2033 ornni
635 1980 727 2034 tutus
745 1967 886 2034 arbitrio
905 1979 1013 2039 vacat.

156 2099 278 2146 ursan.
298 2077 356 2142 Est
376 2075 412 2142 in
432 2089 560 2144 remoto
579 2079 677 2170 regiae
698 2076 782 2145 sedis
801 2075 874 2146 loco
1061 2079 1064 2084 ’

156 2193 285 2256 Arcana
303 2183 424 2254 tacitus
443 2200 556 2256 nostra
575 2184 754 2256 defendens
772 2211 899 2281 specus.

155 2300 230 2366 Non
251 2292 310 2364 ille
329 2295 455 2388 primos
473 2297 595 2390 accipit
616 2295 701 2366 soles
724 2295 835 2380 locus,

156 2409 230 2476 Non
249 2403 308 2473 ille
329 2429 431 2492 seros,
453 2430 555 2498 quum
575 2405 682 2474 ferens
698 2407 797 2474 Titan
815 2404 901 2472 diem

156 2518 292 2586 Lassam
312 2514 445 2584 rubenti
468 2517 590 2608 mergit
607 2519 744 2586 Oceano
764 2529 884 2584 rotam.

157 2625 226 2696 lllic
242 2626 368 2694 amoris
387 2625 510 2719 pignus
528 2623 686 2695 Herculei
708 2622 797 2695 latet.

158 2736 286 2822 altrix,
308 2733 454 2820 fatebor,
474 2738 599 2806 Nessus
614 2750 667 2826 ¹est
683 2750 800 2806 auctor
821 2733 921 2822 mali,

158 2843 268 2933 Quem
288 2843 423 2937 gravida
440 2844 592 2938 Nephele
605 2845 765 2916 Thessalo
785 2846 903 2939 genuit
918 2846 1014 2930 duci,

158 2957 234 3044 Qua
254 2951 405 3048 trepidus
424 2955 521 3023 astris
542 2955 655 3026 inserit
673 2954 798 3028 Pindus
816 2971 936 3048 caput,

156 3137 217 3200 ⁴7²·
241 3129 334 3192 Unum,
353 3127 454 3181 scilicet
470 3128 621 3183 Herculem.
709 3133 775 3197 49¹·
793 3129 897 3194 Nessus,
913 3129 1074 3196 Centaurus,
1095 3151 1177 3206 quem

155 3211 217 3278 473.
231 3207 457 3278 Spolium.Arcum
468 3209 509 3260 rel
522 3207 624 3280 sagittas
668 3227 683 3260 e
700 3208 789 3274 nube,
800 3227 895 3278 quam,
907 3226 989 3278 quum
1003 3209 1080 3264 Ixion
1092 3211 1109 3263 J
1112 3231 1180 3266 uuo·

121 3286 188 3343 utet
202 3286 314 3341 Herculi
328 3287 444 3356 spolium
456 3285 572 3358 Cupido.
667 3305 728 3339 nem
738 3285 773 3339 tle
783 3299 876 3358 stupro
887 3287 1094 3358 interpellasset,
1105 3291 1181 3364 tupi-

157 3373 218 3438 474.
240 3367 327 3419 Amor.
350 3365 393 3419 Sc.
413 3367 512 3418 auroris
527 3365 623 3420 clades.
668 3379 710 3419 ter
725 3384 775 3437 pro
791 3367 899 3419 Iunone
911 3382 1100 3439 supposuerat,
1122 3371 1180 3424 edi·

121 3446 296 3509 -Suurmus,
312 3457 623 3516 supremus,extremus‚
670 3456 726 3498 tum
752 3463 806 3498 esse
827 3459 856 3498 ut
880 3457 908 3498 ct
928 3460 1004 3500 natos
1030 3448 1179 3504 Centaurus

155 3533 218 3596 479.
227 3525 286 3580 Non
298 3525 346 3576 tela
355 3535 492 3595 sant‚quu
501 3523 624 3578 meditor.
668 3523 857 3578 narrantllid.
870 3525 978 3580 Hercul.
996 3525 1060 3584 Fur.
1072 3546 1110 3583 vr.
1124 3531 1179 3604 778

157 3608 221 3669 ter.
242 3605 353 3668 Interim,
365 3603 509 3657 interdum.
670 3616 697 3657 et
708 3603 773 3674 750.

158 3687 222 3747 tta.
249 3685 438 3746 Vulturnus.
712 3683 1184 3757 492.Neploele.Scilicetsipiimmu·

158 3766 222 3834 ⁴⁸7·
237 3763 297 3816 Non
316 3763 365 3815 ille.
382 3762 438 3815 Soli
458 3761 554 3815 orienti
572 3781 627 3818 non
671 3761 727 3815 bes.
739 3761 803 3815 vid.
821 3775 877 3816 not.
891 3765 1005 3836 praeced.
1016 3796 1058 3807 —-
1069 3767 1185 3824 Tanau

123 3845 269 3914 exponitur,
281 3859 336 3894 non
348 3841 490 3896 occidenti.
672 3842 729 3894 duct
736 3881 744 3906 ,
757 3843 856 3895 lxioni.
869 3841 933 3898 vid.
946 3845 1022 3915 parit.
1035 3845 1086 3898 loc.
1100 3846 1145 3900 cit.

37 3954 41 3974 i
160 3926 225 3992 489.
239 3921 359 3984 fluonia,
381 3941 396 3975 a
414 3921 477 3974 solia
490 3921 570 3975 vicini
588 3941 631 3975 ra·
717 3921 781 3990 493.
799 3921 909 3986 Pindus,
932 3943 1010 3978 mons
1022 3923 1183 3980 Thessalia:

124 3997 177 4053 tiu.
187 4000 568 4071 -ttergi’cflucuttums
583 4005 630 4054 26.
674 3999 737 4066 alii,
752 4001 845 4064 echan
868 4001 929 4068 alii,
951 4003 1071 4074 trepidus,
1086 4003 1113 4056 irl
1130 4018 1187 4074 est,

162 4085 224 4149 490.
239 4081 343 4151 Pignus.
351 4080 493 4134 Venenum
506 4097 631 4134 revocari·
675 4079 776 4151 ingenti
791 4099 837 4135 oua
856 4081 1039 4153 magnitudine
1060 4097 1187 4142 terrorem

33 4199 34 4218 ,
126 4155 283 4212 dillerculri
296 4160 459 4214 nmorisrim
472 4159 583 4214 liabens.
675 4159 820 4226 incutiens,
834 4179 889 4232 qno
905 4180 982 4215 sensu
997 4163 1095 4232 trepida
1108 4163 1186 4219 litera

198 4259 271 4326 111.
1047 4263 1067 4330 45
