3130 5108
264 559 270 566 ·
358 533 405 622 64
655 539 696 608 L.
724 539 900 610 ANNAEI
927 543 1141 614 SENECAE
1259 531 1266 544 ’

405 659 497 732 Alias
515 663 550 730 in
570 661 672 730 urbes
689 685 826 758 sparge3
846 679 880 733 et
898 665 1052 760 ignotum
1071 669 1134 736 tibi

404 773 531 841 Emitte
549 774 583 840 in
602 773 718 842 orbem
735 799 743 843 :
759 773 882 868 perde,
901 791 939 844 ut
958 777 1108 847 Arcadiae
1127 779 1240 868 nefas,
1392 805 1433 854 ⁹⁸0

403 889 448 956 Et
469 883 634 979 quidquid
653 881 744 952 uliud
765 885 915 955 restitit:
940 887 983 955 ab
1005 887 1070 958 iilis
1089 903 1222 978 tamen,

402 996 557 1088 Conjux,
577 994 700 1064 redisti.
717 1019 802 1065 nnn.
820 999 922 1066 Parce
931 995 1023 1091 jam,
1043 1015 1162 1086 mater,
1181 1025 1310 1098 precor.

406 1111 546 1200 Ignosce
565 1104 640 1175 fatis
655 1127 664 1173 τ
682 1129 777 1174 error
794 1131 813 1175 a
833 1107 931 1201 culpa
953 1125 1059 1178 vacat.

406 1241 530 1286 neser.
550 1216 585 1286 Si
605 1240 681 1284 vera
700 1216 822 1310 pietas,
838 1216 951 1312 Hylle,
969 1219 1148 1313 querenda
1167 1237 1215 1292 est
1234 1223 1307 1309 tibi,

403 1333 477 1398 Jam
496 1329 622 1422 perime
640 1341 803 1396 matrem:
820 1327 941 1422 pavida
960 1328 1042 1420 quid
1061 1332 1201 1400 tremuit
1219 1334 1359 1403 manus?
1392 1357 1433 1405 9⁸⁵

404 1437 499 1526 Quid
519 1460 578 1506 ora
597 1435 725 1505 flectis?
742 1436 807 1506 hoe
826 1438 889 1508 erit
907 1438 1012 1532 pietas
1029 1439 1145 1509 scelus.

405 1555 544 1644 ignave,
563 1546 721 1616 dubitas?
737 1546 915 1617 Herculem
935 1551 1043 1644 eripui
1062 1552 1133 1620 tibi.

403 1665 503 1746 Haec,
522 1659 593 1728 haec
610 1659 751 1753 peremit
768 1657 902 1745 dextra,
924 1661 978 1728 cui
999 1661 1099 1730 debes
1122 1665 1208 1758 putri

404 1779 514 1840 Arum
530 1773 740 1840 Tonantem:
760 1770 868 1862 majus
887 1772 994 1865 eripui
1014 1772 1135 1859 decus,

402 1883 515 1970 Quam
535 1879 571 1947 in
591 1879 665 1948 luce
681 1878 794 1948 tribui.
820 1880 855 1947 Si
875 1881 936 1948 tibi
955 1881 1108 1976 ignotum
1126 1897 1177 1952 est
1198 1884 1306 1968 nefas,
1391 1915 1433 1956 99⁰

403 1995 431 2060 A
452 2005 557 2059 matre
576 1987 664 2056 disce
682 2011 690 2055 ε
710 2013 767 2057 seu
790 1989 850 2057 tibi
868 1990 988 2084 jugulo
1009 1991 1121 2087 piacet

402 2100 558 2170 Mersisse
577 2097 725 2185 serrum,
743 2099 811 2168 sive
833 2116 1022 2171 maternum
1044 2103 1125 2173 libet

402 2210 566 2282 invadere
589 2223 740 2294 uterum,
762 2224 870 2279 mater
891 2213 1097 2308 intrepidum
1117 2215 1179 2284 tibi

402 2321 566 2392 Praebebit
586 2322 760 2389 animum:
781 2345 849 2389 non
868 2324 932 2391 erit
951 2338 1059 2392 totum
1079 2324 1186 2395 scelus

403 2437 431 2501 Α
450 2447 487 2502 te
504 2445 695 2526 peractum,
713 2431 847 2500 dextera
865 2446 995 2502 sternar
1013 2449 1090 2520 tna,

403 2543 468 2616 Sed
485 2557 595 2611 mente
613 2558 738 2612 nostra.
760 2545 869 2614 Natus
887 2539 1030 2631 Alcidae,
1052 2541 1172 2613 times?

402 2660 453 2724 lta
476 2652 569 2721 nulla
588 2677 726 2746 peragas
743 2654 856 2745 jussa,
876 2679 938 2723 nec
960 2655 1118 2749 frangens
1136 2651 1222 2722 mala

351 2843 402 2894 tx.
418 2841 458 2892 De
470 2849 559 2890 morte
573 2838 629 2907 ejus
643 2835 723 2890 Ovid.
739 2837 803 2889 Met.
816 2838 866 2904 lx,
911 2839 1055 2904 Construe,
1085 2839 1167 2891 ·hec
1191 2837 1285 2891 dextra
1309 2842 1438 2909 peremit

353 2941 390 2974 vs.
408 2918 475 2974 ²23:
492 2945 503 2966 ι
516 2918 559 2972 sic
569 2917 645 2969 iilum
662 2913 755 2969 validis
766 2919 867 2988 jactum
911 2913 1037 2990 (patrem)
1049 2958 1056 2983 ,
1068 2919 1111 2971 eui
1127 2919 1198 2989 patri
1213 2917 1302 2972 deber.
1318 2945 1329 2967 .

350 3021 401 3073 per
418 2999 497 3052 inune
516 2998 623 3050 incertis
644 2997 866 3068 Exemgnemque
953 3001 1020 3067 989.
1043 2999 1137 3068 Majua.
1160 2999 1266 3051 Patrem
1290 2999 1438 3068 tollendo,

354 3087 443 3143 metu,
458 3097 508 3132 nee
524 3076 673 3149 quidquam
689 3077 809 3130 humoris
820 3079 867 3131 ha·
910 3097 990 3150 quam
1004 3091 1030 3131 te
1044 3079 1071 3131 in
1085 3079 1171 3131 lucem
1186 3078 1326 3149 pariendo.

353 3163 475 3224 bentem,
497 3159 528 3210 In
543 3157 642 3228 rigidos
658 3173 764 3210 rmum
779 3157 866 3210 silicea
954 3177 1021 3228 990·
1034 3159 1115 3228 Quam
1126 3162 1152 3209 in
1164 3159 1350 3211 marabuttin
1364 3160 1437 3226 duce,

355 3242 430 3313 prior
439 3237 523 3292 edidit
534 3251 611 3300 otas,
627 3235 706 3290 Nune
718 3255 828 3308 qnoque
838 3238 867 3289 in
910 3238 1012 3292 seilicet
1040 3236 1138 3292 danda.
1165 3237 1262 3292 Senem
1282 3239 1439 3294 verborum

354 3320 476 3375 Euboico
499 3319 624 3389 scopulus
652 3317 741 3369 brevia
767 3318 868 3369 eminet
910 3317 983 3370 haud
997 3316 1441 3390 dnbieiseet‚quemeru'nGro-

354 3403 409 3454 rite
428 3398 556 3468 Gurgite,
579 3409 606 3449 et
633 3395 758 3449 humana
781 3409 868 3449 servat
910 3398 1008 3450 novius
1027 3397 1056 3450 in
1079 3397 1198 3450 Diarribe
1216 3398 1346 3466 Statim,
1368 3419 1437 3473 cap.

354 3480 463 3550 vestigia
475 3478 584 3530 formu:
599 3477 701 3541 Quem,
720 3475 795 3546 quati
812 3495 868 3529 een-
913 3477 947 3548 57
961 3495 967 3528 :
983 3478 1080 3548 Eripui
1093 3477 1142 3530 tihi
1156 3480 1242 3548 majus
1255 3476 1351 3545 decus,
1366 3481 1441 3551 quia

355 3577 465 3622 surum,
489 3569 575 3609 nautae
602 3557 704 3610 euicere
730 3568 869 3620 verentur,
912 3575 1011 3628 nempe
1021 3557 1147 3610 Hercules
1161 3575 1247 3618 nune,
1270 3575 1354 3628 quum
1372 3579 1440 3612 mo·

354 3639 549 3711 Appellantque
567 3635 700 3689 Licinn.»
912 3637 991 3701 titur,
1012 3639 1097 3708 major
1113 3649 1166 3704 est,
1185 3653 1267 3708 qum
1291 3653 1378 3709 quum
1405 3654 1442 3695 tu

395 3722 461 3787 980.
471 3716 601 3775 Arcadia,
615 3715 769 3767 Maenalium
783 3733 868 3768 suern.
912 3729 990 3769 natue
1002 3731 1046 3779 εις
1062 3730 1135 3771 etex
1149 3717 1203 3769 ruia
1214 3717 1338 3787 pluribus
1351 3735 1442 3790 egre-

395 3801 463 3866 981.
491 3797 527 3847 Et
550 3795 668 3867 quidquid
693 3795 770 3846 aliud.
796 3792 868 3846 Vide
911 3796 962 3868 giis
974 3796 1178 3868 iactie,etqnia
1189 3795 1296 3867 dignior
1309 3810 1349 3852 eet
1359 3801 1443 3856 Jove

352 3875 496 3931 Aninradv.
508 3905 548 3916 --
561 3875 603 3926 At
618 3875 676 3939 tttts,
686 3875 784 3938 victor,
796 3873 869 3944 qiud
913 3889 999 3948 petre.

351 3979 365 4012 a
379 3977 438 4011 meo
452 3955 551 4009 scelere
565 3973 620 4006 uon
631 3966 727 4024 potest.
954 3957 1018 4023 996.
1026 3955 1116 4008 Nartes.
1128 3956 1280 4027 Empimie:
1293 3959 1327 4010 ab
1342 3957 1442 4014 intre.

392 4041 461 4108 986,
483 4036 538 4087 Hoc
548 4035 637 4097 adm,
650 4031 796 4106 peremisse
805 4052 847 4086 ne
859 4074 866 4100 ,
911 4034 978 4106 pido
996 4046 1071 4106 patre
1081 4035 1244 4106 degeneres,
1264 4037 1287 4088 ei
1304 4037 1419 4094 tineas.

347 4131 464 4172 netum
477 4129 561 4169 mm.
952 4115 1078 4184 997.1ta
1098 4117 1174 4168 nulla.
1194 4115 1366 4187 adjurantis.
1390 4121 1443 4175 Sie

393 4195 864 4267 988.Heecperemitdutrn,eui,eoe·
909 4195 981 4247 nulia
1003 4212 1121 4267 unquem
1145 4213 1194 4266 per
1214 4197 1307 4258 orbem
1326 4215 1445 4271 vnum
