3130 5108
374 537 421 622 48
665 533 703 600 L.
731 533 909 604 ANNAEI
935 533 1147 602 SENECAE

423 659 521 728 Libet
538 655 680 751 experiri
700 681 708 724 ε
732 655 856 727 solibus
875 657 965 726 virus
984 657 1092 727 ferum

421 769 643 861 Flaminiaque
658 769 780 839 Nessus
795 769 991 863 sanguinem
1011 766 1142 836 ostendi
1159 769 1278 838 arcuit.
1402 804 1442 843 72..

420 881 484 950 Hic
505 881 575 972 ipse
595 875 726 944 fraudes
746 902 815 945 esse
835 878 1036 972 praemoouit
1055 874 1164 946 dolus.

423 993 467 1059 Et
488 988 574 1055 forte
592 984 685 1054 nulla
707 986 796 1054 ntibe
816 1011 983 1081 respersus
1003 985 1104 1080 jubar

392 1115 394 1118 ’
424 1097 573 1168 Laxabat
591 1094 709 1164 ardens
730 1095 895 1165 fervidum
915 1098 1015 1166 Titan
1035 1095 1124 1164 diem

427 1217 439 1304 (
449 1208 516 1277 Vix
533 1229 592 1273 ora
612 1202 695 1272 solvi
712 1206 837 1299 patitur
855 1208 955 1274 etiam
975 1230 1067 1274 nunc
1086 1205 1221 1300 timor):

424 1316 557 1388 Medios
574 1315 608 1382 in
630 1315 723 1409 ignes
741 1313 834 1404 solis,
853 1332 886 1384 et
906 1313 1029 1384 claram
1050 1315 1174 1402 facem,
1250 1347 1257 1355 .
1404 1343 1442 1393 νε

426 1429 505 1515 Quo
527 1426 630 1494 tincta
649 1424 756 1494 fuerat
775 1425 885 1521 palla,
905 1426 1071 1521 vestisque
1089 1424 1193 1514 illita,

324 1552 326 1558 '
426 1536 583 1630 Abjectus
601 1534 717 1604 horret
734 1537 889 1629 sanguis,
908 1549 942 1604 et
963 1535 1080 1605 Phoebi
1101 1557 1197 1604 conta

304 1734 313 1750 ·
380 1709 451 1762 dicte.
473 1707 547 1762 Nihil
569 1707 617 1762 hac
638 1707 724 1778 ellipsi
744 1707 890 1778 proclamat
933 1728 991 1775 rus,
1004 1704 1144 1780 tataemtp
1154 1709 1251 1774 tincta,
1265 1721 1343 1780 atque
1361 1705 1443 1764 idcir·

380 1808 436 1842 esse
453 1787 626 1860 frequentius.
932 1807 965 1842 co
989 1789 1080 1842 omnia
1099 1788 1221 1842 animalia
1242 1789 1298 1842 istis
1321 1807 1445 1860 percussa

423 1887 490 1940 7¹9·
520 1866 590 1918 Libet
612 1869 721 1937 experiri.
746 1867 890 1936 Postquam
933 1868 1005 1921 illico
1017 1867 1160 1939 exspirare.
1172 1869 1229 1920 lloc
1240 1868 1323 1938 igitur
1338 1887 1445 1922 veneno

382 1963 444 2019 toga
454 1945 891 2017 latalisjamfueratllerculimissa.
933 1945 1049 2001 dubitari
1062 1965 1116 2000 nun
1131 1959 1231 2019 potest,
1249 1949 1315 2019 quin
1330 1948 1446 2002 insectus

380 2026 531 2080 -Solibun
545 2027 630 2095 Supra
644 2044 681 2078 vs.
696 2026 762 2080 ⁵31.
933 2027 1015 2081 luerit
1026 2027 1153 2081 Centauri
1162 2027 1282 2099 sangnis,
1292 2029 1341 2097 qai
1350 2027 1445 2082 iisdem

424 2126 490 2178 7ao.
509 2107 606 2160 Arcuit.
623 2105 773 2167 Prohibuit.
935 2108 1022 2160 luerat
1049 2124 1199 2178 percussus.
1234 2108 1306 2180 Ergo
1336 2109 1445 2174 tremit,

423 2203 489 2257 7²¹·
506 2186 593 2238 Dolus.
605 2182 670 2237 vid.
687 2182 828 2236 Animadr.
845 2183 893 2235 ubi
935 2203 1000 2258 ergo
1016 2198 1104 2257 pavet,
1118 2205 1183 2258 ergo
1199 2187 1283 2257 magis
1298 2199 1378 2257 atque
1390 2207 1447 2242 nra·

379 2267 424 2323 alii
436 2267 530 2336 legunt
542 2265 623 2328 Deus,
634 2277 659 2318 et
670 2264 803 2335 intellige:
820 2289 832 2311 ·
841 2263 893 2315 llic
934 2265 975 2335 gis
983 2266 1091 2330 metuit,
1103 2265 1176 2336 qnod
1189 2265 1291 2320 fecerat.
1306 2267 1446 2323 Harae.—

380 2350 440 2419 ipso
454 2343 518 2399 dolo
533 2363 575 2397 me
588 2341 727 2416 deceptam
745 2342 861 2396 intellexi
878 2361 893 2394 a
935 2344 1166 2417 Respondebimus
1181 2345 1305 2412 Heinsio,
1324 2345 1445 2418 quodam

381 2429 474 2482 Nesso.
491 2451 502 2473 ι
533 2424 638 2478 Scilicet
662 2425 691 2477 in
719 2443 752 2477 eo
775 2433 892 2476 versatus
935 2437 1023 2478 tamen
1036 2425 1162 2478 miracula
1175 2422 1305 2492 indicari,
1324 2444 1384 2496 qun
1398 2449 1447 2501 po-

383 2509 469 2562 luerat
480 2506 555 2558 Nessi
564 2503 652 2569 dolus,
664 2517 694 2557 ut
704 2515 805 2556 vetaret
818 2503 891 2556 virus
934 2515 1024 2558 terant
1036 2504 1155 2557 incutere
1166 2521 1308 2576 pavorem,
1324 2505 1382 2576 736
1397 2543 1405 2570 ‚
1422 2521 1446 2560 et

383 2585 451 2641 illud
463 2585 555 2638 Phoebi
568 2583 649 2636 radiis
661 2583 827 2654 expositum,
847 2600 893 2634 re·
934 2596 1053 2655 pracsert.
1066 2602 1104 2636 rs.
1118 2585 1185 2654 737,
1198 2585 1265 2652 738.

383 2668 449 2720 ritus
463 2682 497 2716 ne
514 2682 565 2734 qua
583 2678 738 2734 apparerent
754 2659 892 2732 prodigia,
977 2663 1041 2732 723.
1058 2663 1178 2716 Mandat.
1192 2661 1265 2716 bene
1279 2663 1381 2720 indicat
1396 2686 1448 2720 rne-

384 2743 553 2816 Dejauiram,
574 2759 608 2792 ne
634 2739 687 2795 boo
705 2752 825 2793 uteretur
847 2757 892 2793 ve·
938 2740 1012 2796 dium
1027 2741 1090 2795 diei.

386 2840 472 2886 neno,
484 2821 681 2892 praemonitum.
978 2821 1043 2892 725.
1055 2821 1148 2874 Medios
1160 2823 1185 2874 r'a
1194 2825 1269 2892 ignes.
1278 2823 1379 2878 Totum
1388 2845 1448 2880 rer·

425 2921 491 2972 pas.
510 2901 546 2954 Et
559 2899 637 2966 sorte.
655 2899 724 2950 Puto
744 2917 834 2952 rersus
847 2899 894 2950 ali·
936 2919 994 2954 sum
1014 2901 1093 2954 vertit
1107 2919 1138 2954 ex
1155 2919 1241 2971 greco
1254 2904 1396 2996 Sopb.Tr.
1409 2926 1448 2960 vs.

386 2993 451 3056 quot
473 2979 572 3033 deesse.
594 2976 672 3031 Unde
698 2978 769 3031 enim
797 2977 896 3049 colligit
939 2973 1290 3052 684‚leplcnspl.a'padaeis
1307 2986 1449 3046 stellatos-ss.

384 3079 517 3115 venenum
546 3063 625 3111 esse?
652 3057 762 3110 Summa
796 3058 896 3129 quippe
937 3059 1084 3113 -Totunt
1098 3059 1353 3115 bocaicconstrue:
1376 3066 1449 3135 abje-

385 3141 504 3194 omnium
512 3136 810 3208 hoeredit,sangninem
819 3156 832 3190 a
842 3138 897 3190 sole
938 3152 995 3193 otus
1006 3140 1179 3212 sanguis‚quo
1190 3141 1258 3211 palla
1270 3141 1355 3196 luerat
1367 3145 1449 3198 tincta

383 3221 558 3293 liquefactum
569 3220 665 3271 luisse:
679 3229 706 3269 et
719 3217 783 3270 hinc
795 3217 897 3287 colligit
938 3231 964 3272 et
979 3220 1059 3273 vestis
1080 3219 1159 3285 illita,
1170 3219 1198 3271 in
1216 3217 1316 3274 medios
1333 3223 1407 3294 ignes
1425 3237 1450 3277 et

382 3317 514 3353 venenum
542 3316 569 3350 se
589 3297 698 3350 misisse.
724 3299 811 3368 Atque
833 3297 896 3350 hinc
938 3299 1034 3352 claram
1048 3299 1132 3352 facem
1145 3300 1322 3362 solis,lrorret
1336 3315 1361 3355 et
1374 3303 1450 3356 ardet

383 3394 470 3433 terror
479 3377 524 3430 ille
534 3417 541 3442 ‚
550 3396 629 3448 quem
644 3376 734 3429 infelix
743 3377 896 3446 concepisse
938 3378 1082 3449 tepefactus
1092 3397 1166 3431 coma
1180 3379 1281 3431 Phoebi.
1293 3412 1333 3423 -—
1343 3381 1415 3435 Illita
1425 3387 1450 3434 la

384 3460 474 3512 animo
481 3455 648 3528 supradicat.
656 3454 708 3508 Sed
718 3456 791 3528 quod
804 3457 848 3510 hic
857 3457 896 3508 in·
938 3462 1012 3527 ἐμοι.
1026 3459 1047 3510 Ι,
1058 3476 1080 3510 e.
1092 3457 1126 3510 ad
1138 3459 1222 3528 ignes,
1235 3459 1284 3510 sub
1295 3459 1411 3530 ignibus.

380 3537 481 3592 dicium
494 3532 639 3607 δηλητηρίου
653 3534 714 3588 est?
729 3537 816 3601 Quam
830 3555 894 3589 vero
978 3537 1131 3607 726.Polla‚
1143 3539 1192 3593 alis
1202 3538 1271 3607 palla
1281 3558 1289 3606 ς
1298 3541 1401 3612 velqua
1413 3543 1452 3595 in·

381 3618 461 3687 longe
471 3617 526 3670 bec
532 3615 608 3668 aliter
616 3613 748 3685 tragoedire
758 3617 893 3687 princepe!
937 3613 1078 3682 dnebatur,
1089 3617 1131 3670 rel
1142 3636 1220 3689 quam
1233 3637 1313 3671 rnanu
1324 3623 1452 3690 gestabat.

383 3697 484 3760 Primo,
490 3695 534 3757 ait,
544 3696 641 3759 lanam,
649 3713 701 3766 qua
712 3708 840 3765 peruncta
852 3712 895 3747 ve·
979 3715 1044 3766 7²7·
1058 3696 1173 3768 Abjectus
1183 3703 1290 3768 coarguis.
1305 3701 1381 3754 Nessi
1394 3721 1453 3754 san-

385 3777 461 3833 stiae
477 3791 504 3830 se
518 3774 616 3839 fuerat,
632 3777 763 3827 corrosam
778 3793 809 3827 ac
830 3793 894 3827 con·
937 3774 996 3845 guis
1008 3773 1107 3847 Hydra
1128 3778 1202 3840 selle,
1216 3795 1270 3848 quo
1286 3779 1376 3834 tinctae
1396 3783 1454 3834 lne-

386 3868 498 3910 sumtam
517 3854 595 3925 plane
617 3872 632 3905 a
654 3854 779 3923 sanguine
796 3853 892 3908 luisse:
937 3867 996 3906 rant
1008 3854 1129 3909 Herculis
1145 3857 1255 3928 sagitta,
1270 3861 1377 3913 mixtus.
1388 3859 1453 3914 vid.

385 3933 483 3988 deinde
499 3945 586 4003 guttas
601 3933 655 3986 sole
668 3933 837 4003 liquefactas,
864 3934 892 3986 in
937 3935 1180 4001 Anim.-Como,
1199 3935 1289 3991 radiis.
1303 3939 1367 4011 llip.
1385 3942 1454 4011 754.

382 4030 480 4070 terram
491 4013 892 4083 collapsasapumasseaceiler-
937 4013 1083 4086 Sophocles
1108 4017 1144 4070 ita
1170 4034 1227 4068 rem
1254 4019 1366 4089 pingit:
1394 4020 1454 4072 lana

382 4096 471 4149 buisse
491 4112 498 4146 :
519 4104 656 4163 postremo
681 4091 731 4144 tela
754 4092 891 4158 Herculis,
936 4112 1009 4147 usarn
1023 4095 1102 4148 luisse
1116 4097 1267 4166 Deianiram
1281 4097 1310 4149 in
1326 4097 1453 4170 ungenda

377 4176 477 4246 quibus
495 4173 649 4229 interiectos
670 4171 756 4226 luerat
776 4171 891 4226 Centau·
937 4187 1010 4227 reste
1026 4192 1033 4227 :
1051 4187 1077 4229 et
1096 4175 1123 4227 in
1144 4176 1298 4231 narratione
1311 4192 1389 4232 vocat
1404 4180 1453 4240 olle
