3130 5108
316 483 588 554 HERCULES
613 483 823 554 OETAEUS.
849 485 960 554 ACT.
983 490 1034 556 Il.

284 608 349 680 Sed
366 633 434 710 upn
454 607 573 676 dubios
592 607 681 677 foret
702 606 760 676 illa
781 623 882 679 toros.

285 719 443 813 Sequitur
466 718 538 786 dira
558 716 711 812 lampade
729 721 895 815 Erinnys,

285 832 441 919 Quorum
462 825 577 924 populi
596 826 729 898 coluere
747 829 846 898 diem.

284 943 353 1012 Nec
371 939 433 1008 sibi
452 937 530 1006 felix
549 963 678 1034 pauper.
698 938 850 1024 habetur,

285 1050 356 1120 Nisi
377 1046 487 1116 felices
504 1047 660 1116 cecidisse
680 1049 781 1117 videt.

287 1158 448 1252 Quisquis
469 1156 625 1226 medium·
637 1157 766 1252 defugit
784 1160 859 1242 iter,

283 1269 402 1339 Stabili
420 1293 592 1362 nunquam
616 1270 749 1337 tramite
771 1284 890 1337 curret.

284 1385 375 1451 Dum
394 1381 477 1473 petit
499 1403 605 1448 unum
625 1379 772 1474 praebere
790 1378 899 1456 diem,

284 1489 463 1581 Patrioque
482 1513 564 1580 puer
583 1490 733 1558 constitit
751 1513 832 1574 axe,

284 1600 356 1668 Nec
374 1623 433 1691 per
450 1596 587 1666 solitum
610 1599 775 1692 percurrit
796 1600 872 1678 iter,

284 1705 349 1774 Sed
369 1706 519 1776 Phoebeis
538 1708 652 1801 ignota
671 1723 760 1777 secat

283 1815 398 1884 Sidera
419 1815 561 1886 flammis
579 1834 711 1887 errante
730 1833 821 1904 rote,

283 1929 400 1996 Secum
420 1928 545 2020 pariter
567 1928 713 2020 perdidit
733 1929 858 1998 orbem.

283 2035 434 2103 Medium
458 2035 527 2104 caeli
549 2037 630 2105 dum
648 2037 756 2108 sulcat
774 2040 852 2122 iter,

277 2145 399 2213 Tenuit
417 2144 553 2238 placitas
571 2147 727 2217 Daedalus
746 2173 843 2234 orae,

282 2253 443 2349 Nullique
464 2253 559 2325 dedit
576 2261 712 2326 nomina
734 2272 860 2352 ponto:

284 2364 348 2434 Sed
370 2364 450 2434 dum
468 2365 620 2435 volucres
639 2368 771 2436 vincere
788 2391 883 2436 veras

282 2478 396 2543 Icarus
416 2475 532 2564 audet,
550 2479 740 2571 patriusque
759 2500 843 2569 puer

282 2587 433 2679 Despicit
451 2583 534 2672 alas,
556 2586 747 2681 Phoeboque
766 2583 858 2654 volat

174 2785 239 2852 670.
255 2779 313 2832 Non
326 2781 423 2843 dubios,
445 2799 500 2834 uon
515 2795 648 2853 suspectos
692 2782 763 2834 beuti.
784 2781 859 2852 Virg.
875 2779 972 2850 Georg.
986 2781 1030 2846 11,
1048 2789 1111 2850 499.
1129 2783 1199 2856 Ergo

134 2860 275 2922 adulterii,
299 2861 341 2912 ael
357 2859 499 2932 repudium
515 2860 646 2914 timentes.
691 2860 860 2914 mediocritee
875 2861 945 2925 coln,
958 2878 973 2912 a
987 2861 1139 2934 principum
1154 2881 1202 2934 pa-

175 2945 212 3010 67
220 2959 244 2992 t.
256 2937 378 3012 Sequitur.
394 2939 445 2994 Sed
457 2939 558 2993 discors
568 2941 646 2993 Furia
690 2941 754 2993 riter
762 2953 788 2993 et
797 2958 940 3012 egenorum
949 2951 1019 2992 sorte
1026 2937 1200 3006 dietanetetix

135 3019 297 3091 inauspicata
308 3017 373 3073 teda
385 3020 497 3091 nuptiali
506 3015 644 3088 (thniee.
688 3019 743 3073 dici
753 3032 848 3093 puteat.
857 3019 1045 3074 Horatcarm.
1056 3021 1099 3080 11,
1113 3038 1145 3072 ro
1154 3059 1162 3086 ‚
1171 3021 1198 3076 5.

135 3089 643 3170 nmfi3et507)‚velfecelurialifflerc.
730 3103 796 3172 677.
810 3099 1002 3169 Unumprabere
1010 3100 1080 3151 diem.
1091 3100 1202 3171 Diepen·

135 3179 199 3232 Pur.
209 3177 258 3250 87)
266 3198 359 3232 eorum
371 3179 499 3233 thalamos
509 3181 645 3251 persequi·
688 3199 745 3234 aare
760 3179 860 3234 mundo
871 3179 958 3230 lucem
971 3179 1051 3230 unius
1061 3176 1123 3231 diei.

136 3271 319 3331 tur,quorum
331 3259 429 3312 natales
438 3259 543 3332 publica
555 3259 645 3313 letitia
729 3262 797 3328 678.
811 3259 888 3320 Puer,
900 3258 1046 3311 Phaethon.

136 3339 324 3404 celebrantur;
339 3336 368 3391 id
386 3351 440 3404 eat,
452 3339 613 3410 principum.
729 3339 794 3392 683.
811 3337 886 3402 Coeli,
900 3350 951 3391 etc.
963 3336 1026 3390 Vid.
1038 3336 1179 3391 Animudv.

175 3422 243 3488 672.
267 3419 385 3488 Quarum.
408 3419 513 3472 Scilicet
539 3431 566 3472 et
587 3419 645 3471 Au·
730 3421 797 3482 684.
816 3418 924 3470 Placitae
940 3416 1120 3482 oras.1deat,
1144 3417 1200 3471 Cu·

134 3511 271 3568 gustarunt
291 3497 348 3551 ‹liee
370 3498 536 3561 colebantur,
557 3510 584 3550 et
610 3497 644 3551 de
689 3497 961 3569 mee,queeinltalia.
1068 3506 1071 3514 '

135 3580 248 3649 cunjuge
262 3578 394 3650 principie
407 3576 534 3631 dicuntur
548 3577 588 3629 illi
601 3597 645 3632 eu·
731 3577 798 3631 685.
820 3577 949 3646 Nullique,
971 3587 1021 3628 etc.
1044 3573 1117 3647 quod
1137 3575 1202 3629 l'ecit

17 3677 18 3695 ³
136 3658 255 3728 periotes
266 3675 366 3711 verene.
689 3656 761 3709 lilius
774 3659 832 3728 ejus
846 3656 946 3710 Icarus.

173 3737 241 3806 673.
261 3737 314 3790 Nec
330 3737 377 3789 sibi
385 3774 393 3800 ‚
416 3749 467 3790 etc.
485 3749 512 3790 et
527 3738 645 3803 Rursus,
730 3737 797 3789 686.
811 3735 926 3788 Volcens
941 3738 1037 3788 uincere
1052 3754 1133 3787 veras.
1147 3734 1198 3788 Al·

135 3833 277 3888 pauperes,
289 3817 308 3868 i.
318 3835 342 3870 e.
352 3815 399 3888 qui
409 3829 519 3886 anguste
528 3833 644 3886 pauper·
688 3814 741 3868 tine
755 3816 883 3879 volitare,
894 3833 973 3888 quam
988 3815 1108 3867 volucres
1121 3833 1199 3868 ceree.

135 3907 184 3948 tete
195 3897 281 3967 premi
290 3909 367 3959 eunt,
380 3895 481 3948 nullent
491 3895 643 3949 felicitatem
729 3896 792 3948 688.
812 3895 928 3964 Despicit.
947 3895 1031 3948 Altina
1044 3895 1201 3957 subvectui,

19 4041 20 4044 Ἴ
135 3973 644 4047 capiunt,uiniquumeideutcecidieee
688 3987 791 4046 patrem
808 3975 876 4028 inira
893 3974 1048 4028 volitantem
1066 3973 1147 4027 videt.
1161 4004 1199 4016 ·-

136 4053 291 4108 ionumtoe.
313 4053 397 4120 Quod
408 4052 516 4127 quidem
530 4056 644 4108 alterum
688 4055 839 4127 Ploeboque,
853 4057 929 4124 cujus
953 4055 1041 4106 calore
1056 4053 1198 4125 liquefacta

135 4144 172 4186 eet
187 4151 271 4204 genua
283 4133 464 4200 infelicitatis,
482 4135 586 4188 invidere
599 4135 643 4186 lra-
688 4134 788 4188 alarum
800 4153 874 4201 cera,
885 4136 942 4205 ipee
954 4134 982 4186 in
997 4151 1068 4186 mare
1081 4129 1188 4185 decidit.
