3220 5128
356 503 425 587 242
559 499 849 570 ADSGRIPTA
873 489 915 566 L.'
939 499 978 567 Λ.
1005 497 1210 572 SENECAE

398 647 499 698 mo.
519 626 658 693 Fermrn
672 635 786 692 tuetur
799 620 994 716 principem.
1010 641 1085 691 sun.
1102 619 1224 690 Melius
1242 619 1334 692 fides.

397 759 506 807 nuno.
522 735 628 804 Decet
642 731 751 802 timeri
766 735 939 804 cesarem.
951 753 1025 802 ssu.
1041 734 1087 801 At
1099 730 1176 826 plus
1188 729 1293 828 diligi.

394 869 498 918 nuno
509 843 678 914 'Metuant
697 867 829 914 necesse
845 857 906 942 est.
925 863 1000 914 sxr.
1016 842 1190 940 Quidquid
1205 843 1416 940 exprimitur,

542 977 643 1048 grave
661 969 721 1024 est.

390 1089 493 1137 neno.
512 1066 683 1157 iussisque
702 1062 825 1133 nostris
845 1075 994 1158 pareant.
1013 1085 1086 1134 sen.
1109 1063 1204 1132 lustu
1222 1063 1361 1160 impera.

395 1200 500 1248 nuno.
517 1179 669 1246 Statuam
680 1174 760 1268 ipse.
772 1197 845 1244 suu.
857 1175 943 1264 Quae
952 1197 1132 1244 consensus
1141 1173 1265 1243 efficiat
1275 1189 1359 1244 rate.
1375 1193 1415 1238 oo

393 1310 500 1359 nuno.
514 1289 698 1379 Despectus
716 1284 803 1354 ensis
818 1283 925 1354 faciet.
945 1305 1018 1355 sess.
1030 1289 1104 1354 Hoc
1116 1283 1203 1355 absit
1220 1285 1322 1355 nefas.
1443 1343 1446 1348 .

391 1417 496 1466 neno.
516 1397 569 1464 An
588 1394 696 1488 patiar
716 1392 805 1462 ultra
825 1394 1025 1489 sanguinem
1048 1409 1200 1464 nostrum
1221 1398 1291 1490 peti

392 1507 561 1590 Invictus,
583 1519 616 1573 et
638 1513 825 1573 contemtus
842 1520 880 1573 ut
898 1504 1008 1573 subito
1025 1503 1219 1598 opprimar?

393 1615 515 1685 Exsilia
532 1634 601 1683 non
620 1613 747 1708 fregere
767 1628 951 1684 summotos
966 1614 1086 1708 procul

393 1724 548 1797 Plautum
566 1738 667 1818 atque
685 1721 832 1812 Sullam,
851 1725 1004 1818 pertinax
1023 1745 1167 1818 quorum
1189 1723 1282 1794 furor
1372 1744 1414 1787 ⁴⁶⁵

395 1839 514 1906 Armet
534 1834 703 1902 ministros
720 1833 851 1904 sceleris
871 1835 907 1902 in
928 1834 1053 1904 caedem
1074 1857 1193 1904 meum.

393 1945 592 2014 Absentlum
613 1967 718 2037 quum
742 1959 873 2013 maneat
895 1945 996 2013 etiarn
1014 1945 1131 2040 iugens
1147 1945 1243 2014 favor

394 2059 435 2125 In
454 2054 537 2122 urbe
559 2067 689 2142 nostra,
709 2054 767 2148 qui
786 2053 874 2122 fovet
895 2077 968 2149 spes
986 2052 1157 2144 exurlumr

392 2164 569 2235 Tollantur
591 2163 701 2232 hostes
720 2188 798 2233 ense
819 2166 964 2259 suspecti
985 2165 1081 2234 mibi.

393 2274 508 2346 Invisa
529 2273 652 2367 conjux
671 2289 804 2367 pereat,
825 2289 859 2344 et
879 2299 994 2346 earum
1016 2275 1078 2344 sibi
1373 2293 1415 2342 tro

346 2458 726 2532 v‚oep10.1neffieutere
744 2457 853 2524 odium,
941 2463 1007 2524 460.
1025 2457 1146 2514 nam.
1165 2459 1248 2530 leges
1266 2458 1359 2514 lemur.
1372 2493 1415 2505 -

346 2541 399 2595 nisi
414 2551 563 2594 contemtus
582 2536 698 2594 accedet.
712 2538 765 2605 Qui
781 2537 856 2603 odit,
901 2541 970 2610 Ipse,
986 2537 1067 2594 solus.
1083 2539 1142 2609 Ego
1158 2537 1230 2610 ipse,
1243 2553 1293 2592 neo
1308 2539 1414 2594 elii.-

347 2633 423 2693 optet
432 2637 518 2684 nove,
531 2635 586 2670 non
599 2617 692 2673 audet:
705 2617 752 2688 qui
765 2630 857 2672 coute-
901 2617 1273 2689 Quamnemseuatorum,
1335 2619 1415 2688 'tum,

347 2699 425 2764 mult,
434 2697 498 2768 quie
511 2715 566 2750 nou
579 2697 690 2761 metuit,
703 2696 858 2769 aggreditur
897 2697 995 2770 plebis.
1006 2727 1047 2740 ·-
1058 2696 1167 2768 Effieiut
1187 2709 1251 2752 reta.
1344 2710 1355 2753 t
1370 2718 1415 2754 eo-

347 2776 607 2841 ooutemtnm‚solie
620 2776 857 2841 deturbeutsolo
900 2779 943 2832 lus
952 2777 1059 2831 efficere
1070 2789 1135 2831 rete.
1327 2843 1330 2849 ι

348 2857 434 2911 celest
448 2856 529 2908 :·hoe
549 2855 623 2910 Nero
640 2855 790 2926 signidem
810 2867 858 2911 to·
943 2861 1010 2921 tor.
1024 2857 1157 2930 Despeetru
1168 2860 1241 2911 orsu.
1256 2857 1306 2910 Ille
1324 2859 1412 2922 ensis,

349 2936 408 2991 luit.
420 2937 507 2988 Dm.
902 2953 982 3008 quem
996 2952 1068 2992 nune
1083 2935 1165 2990 modo
1179 2937 1249 2992 eires
1262 2936 1315 2991 mei
1324 2934 1415 3010 despl-

393 3016 460 3081 456.
480 3012 565 3068 Fida.
589 3012 708 3068 fiducie.
732 3014 859 3069 ductores
903 3016 987 3071 olunt.
999 3045 1039 3062 ·-
1051 3017 1147 3070 Fater.
1160 3016 1254 3088 Suppl.
1266 3029 1332 3072 nte.

350 3113 424 3168 supr.
436 3094 527 3159 citati,
542 3092 604 3148 Aet.
617 3095 644 3160 Ι,
659 3111 696 3148 so.
711 3111 757 3148 rvr
774 3095 857 3150 ιώ.
943 3098 1009 3159 462.
1024 3097 1106 3150 Ultra.
1120 3097 1285 3152 Diutius-
1298 3097 1364 3151 Petr'.
1387 3097 1414 3150 A

350 3175 459 3239 Priore,
477 3193 513 3229 on
524 3173 581 3227 lrelt
594 3175 632 3228 les
644 3187 775 3246 tyrann...
791 3175 857 3230 πάι.
901 3175 1102 3246 perjurantibus
1115 3177 1144 3230 in
1154 3177 1236 3230 ritem
1248 3195 1342 3230 meum.

351 3254 426 3320 Scit,
446 3269 554 3325 pour-n
574 3252 656 3325 qu’on
682 3254 720 3308 tes
742 3255 857 3324 migne.
943 3255 1414 3322 add-levietmflteoaeteetuevlotor

350 3336 409 3388 six.
421 3334 545 3388 L'emour
559 3334 649 3388 mieux
662 3351 714 3405 que
724 3334 749 3387 le
764 3335 804 3388 ler
814 3333 859 3389 de·
900 3353 1007 3406 semper
1034 3348 1060 3389 et
1086 3349 1176 3390 temen
1199 3348 1355 3392 contemtus.
1370 3367 1413 3380 --

350 3412 551 3468 tendrsitvotre
562 3419 652 3486 regne.
661 3415 726 3468 ώ.
743 3413 859 3485 Lepeu·
902 3413 1160 3487 Suds'to...epprirser.
1174 3415 1266 3470 tonuit
1277 3415 1412 3487 proditio·

350 3493 396 3564 ple
411 3504 451 3545 est
465 3504 525 3546 sens
541 3510 654 3547 nmours
671 3491 746 3548 iln’e
759 3509 812 3564 que
825 3491 860 3547 de
902 3499 938 3548 ue
951 3494 1007 3548 sole
1021 3513 1049 3548 se
1064 3512 1142 3566 poeee
1156 3495 1289 3566 intexeipi.

350 3573 376 3625 le
390 3589 489 3643 peon·
944 3577 1011 3646 467.
1031 3575 1182 3629 Absortium.
1201 3575 1411 3647 Goujmtomm

392 3649 459 3717 458.
474 3651 635 3721 deprimitur,
651 3666 701 3722 per
713 3649 768 3704 vim
779 3651 859 3724 exigi·
902 3671 970 3725 quos
982 3655 1011 3708 ix
1026 3654 1149 3709 exsilium
1162 3655 1232 3708 miei.

348 3743 403 3796 tur,
413 3735 595 3800 extorquetur.
609 3735 649 3774 4-
662 3727 758 3796 Graec,
772 3732 858 3786 uiole-
942 3733 1100 3798 468.Foeet.
1111 3735 1159 3800 Ut,
1169 3731 1412 3798 metendemouo,

347 3815 418 3865 sttln
431 3807 627 3864 obedientilsue.
904 3824 1062 3866 revocentur
1074 3814 1107 3868 sb
1118 3813 1222 3868 exsilio.

390 3889 457 3960 459.
467 3889 590 3960 Jusss'egue
601 3892 697 3942 nostr-in
711 3890 859 3945 Continent
945 3893 1008 3960 4⁶9·
1024 3893 1100 3946 Ense.
1118 3893 1222 3965 Vulgus
1235 3893 1320 3948 mouri
1334 3891 1413 3946 lerie-

346 3969 477 4026 sententie
492 3986 561 4022 vers.
578 3970 649 4035 sam
662 3987 717 4022 nou
730 3969 857 4026 audiente
900 3971 989 4035 betur,
1003 3973 1106 4026 nobiles
1117 3971 1215 4045 glndio.

346 4051 453 4106 Nerone
465 4067 527 4122 que
534 4051 615 4120 jrcse
626 4048 816 4122 philosophust
830 4064 857 4106 et
941 4057 1005 4120 ⁴7⁰·
1027 4053 1108 4108 luein
1128 4054 1216 4124 conjux
1233 4065 1327 4123 pereae.
1347 4051 1412 4108 soil.

344 4131 383 4186 sio
397 4129 521 4186 redditur
533 4130 602 4186 retio
618 4131 687 4202 reid
717 4167 725 4181 .
900 4131 1020 4186 Octavia.
