3130 5108
28 799 30 866 l

28 2359 30 2444 l

28 2479 30 2577 l

276 511 556 580 HERCULES
582 513 793 581 OETAEUS.
819 511 929 580 ACT.
957 513 984 578 l.
1143 535 1167 604 9

156 628 212 699 llla
233 629 342 700 licebit
361 629 485 702 fulmen
507 656 527 700 a
548 647 643 727 parte
661 632 814 719 auferas,

153 745 219 836 Ego
239 766 338 836 quam
358 741 478 810 tuebor
496 766 506 810 r
523 742 591 812 sive
614 741 785 838 glacialem
806 741 939 836 polum,

156 852 217 919 Seu
233 875 286 918 me
308 852 394 920 tucri
413 851 575 920 fervidam
597 867 729 948 partem
743 852 862 946 jubeS,

156 963 222 1029 Hac
238 984 306 1032 ease
324 985 462 1060 superos
481 977 576 1058 parte
597 987 730 1034 securos
751 975 842 1058 puta.

157 1071 297 1140 Cirrhaea
311 1075 408 1142 Paean
427 1071 570 1168 templa,
585 1090 619 1144 et
640 1073 817 1144 aethcrcam
837 1071 974 1142 domum

156 1183 309 1276 Serpente
322 1207 405 1254 cacan
423 1185 570 1254 meruit:
590 1198 626 1251 at
640 1184 771 1280 quoties
789 1183 877 1276 jacet

157 1290 283 1384 Python
300 1293 334 1360 in
352 1292 478 1388 hydra?
496 1293 644 1364 Bacchus
660 1307 694 1364 ct
714 1297 853 1366 Perseus
872 1292 953 1362 Deis

158 1401 224 1467 Jarn
245 1425 280 1470 sc
300 1401 443 1472 intulere
462 1431 471 1474 :
490 1403 546 1474 sed
563 1419 667 1500 quota
686 1418 735 1474 est
756 1402 872 1471 mundi
891 1401 988 1498 plaga
1142 1423 1168 1458 ⁹³

159 1510 274 1579 Oriens
293 1512 474 1584 subactus?
490 1527 548 1582 aut
566 1528 669 1612 quota
686 1529 736 1582 est
752 1515 892 1606 Gorgon
911 1512 1001 1582 sera?

159 1621 238 1709 Quis
257 1635 345 1689 astra
363 1637 461 1692 natus
477 1622 632 1692 laudibus
649 1623 772 1694 meruit
788 1623 855 1692 suis

158 1732 203 1798 Ex
224 1743 256 1800 te
275 1745 310 1800 et
329 1734 497 1804 noverca?
520 1735 632 1824 Quem
651 1732 729 1821 tuli,
746 1731 910 1802 mundum
933 1745 1021 1826 peto.

159 1837 219 1906 Sed
236 1852 295 1926 tu,
310 1865 420 1936 comes
438 1841 562 1914 laboris
580 1841 751 1928 Herculei,
770 1842 893 1924 Licha,

158 1948 269 2018 Perfer
286 1952 495 2046 triumphos,
515 1955 633 2050 Euryti
651 1953 756 2022 victos
774 1950 878 2038 lares,

158 2062 368 2155 stratumque
389 2087 550 2158 regnum:
566 2090 623 2133 vos
639 2089 741 2160 pecus
755 2063 863 2160 rapite
880 2064 988 2148 ocius,

158 2169 230 2257 Qua
245 2171 372 2268 templa
389 2171 508 2242 tollens
527 2198 584 2242 ara
604 2176 714 2244 Cenaei
735 2175 826 2244 Jovis

159 2281 279 2349 Austro
299 2281 484 2350 timendum
505 2297 632 2378 spectat
649 2284 835 2354 Euboicum
852 2306 952 2351 mare.

154 2457 550 2530 86·Licaebitsulmen...uuferar.
565 2461 617 2512 Po·
659 2459 771 2513 Medusa
795 2477 810 2510 u
836 2459 933 2510 Peneo
956 2455 1068 2510 devicta.
1092 2459 1169 2512 Conl.

123 2537 172 2590 teris
183 2539 301 2603 auferre,
315 2539 384 2592 salva
396 2541 537 2594 securitate
548 2539 618 2594 culi·
661 2539 733 2594 Med.
746 2558 784 2592 va.
797 2539 865 2606 829.

123 2616 208 2684 colum,
220 2637 291 2692 quoa
302 2611 452 2671 delendam.
705 2638 762 2674 roo.
771 2617 857 2686 Perfer
863 2617 1024 2688 trirrmplrosJ
1026 2617 1089 2669 ubet
1099 2616 1171 2669 enim

154 2715 195 2766 91.
213 2699 274 2750 Hac
291 2711 380 2769 parta,
398 2699 441 2752 cui
469 2718 518 2772 ego
541 2699 617 2752 fuero
661 2698 737 2752 illum
749 2700 872 2750 nuntium
885 2697 923 2750 ire
934 2695 1103 2749 adurorenr:
1118 2715 1171 2768 qun

29 2789 30 2844 l
121 2775 466 2850 prnposituc.-Securos,a
477 2777 540 2834 feria
553 2798 618 2850 quas
661 2779 799 2832 occasione
812 2777 846 2830 ab
861 2777 905 2829 illc
920 2776 1022 2848 accepit
1040 2776 1171 2840 tunicam,

121 2853 180 2914 luno
196 2857 223 2910 in
235 2858 334 2912 celum
350 2858 492 2914 transtulit.
661 2877 711 2932 qua
727 2859 790 2910 ursit
805 2855 941 2910 Hercules.
961 2886 1001 2896 —
1022 2855 1174 2928 Triumphus,

152 2956 192 3006 9²·
209 2937 330 2992 Cirrhaca.
345 2937 452 2990 Cultum
467 2938 619 2990 oraculum·
661 2937 773 3008 iusignia
783 2937 900 2989 victorico
914 2948 939 2988 et
956 2934 1092 3006 imagines.

122 3017 335 3088 qneDelplricum
355 3009 469 3088 (OEdip.
491 3037 527 3070 vs.
550 3011 618 3086 269)
706 3035 769 3071 ror.
798 3017 859 3067 Vos.
885 3016 1004 3068 Comiter
1021 3015 1174 3086 alloquitur,

30 3153 31 3156 Ἴ
122 3097 232 3149 cttoelum
248 3097 347 3149 meruit
358 3095 469 3166 Apollo,
481 3097 619 3149 interfecto
663 3127 703 3137 —
713 3097 792 3148 Pecus
812 3099 896 3166 rapite.
912 3093 1030 3148 Pccudes
1048 3093 1174 3150 adducite

30 3175 31 3178 ’
122 3190 166 3226 uuo
177 3175 452 3248 Pythona—Puram
463 3175 562 3246 Apollo
572 3195 620 3228 vo·
662 3173 856 3230 sacrificandas.

31 3293 32 3300 ,
122 3267 181 3308 catus
193 3271 229 3310 est
243 3255 322 3308 Paean
333 3273 348 3308 a
359 3273 461 3326 groco,
474 3255 517 3308 vel
527 3255 619 3308 ‘actm
707 3275 768 3310 rou.
783 3255 866 3308 Cecoer'
881 3251 957 3304 lovis.
975 3251 1028 3304 Cui
1046 3253 1174 3326 templum

122 3346 159 3386 tut
181 3339 267 3390 παύων
297 3334 343 3396 τὰς
363 3335 447 3400 irim
472 3333 513 3387 vel
538 3335 621 3388 accla-
664 3347 691 3388 et
709 3335 795 3390 cultus
817 3334 846 3386 iu
866 3334 961 3386 Ceuoeo
982 3331 1089 3386 Euboeae
1110 3353 1176 3405 pro-

122 3414 224 3469 mationa
252 3414 377 3480 Latouae,
409 3416 445 3468 loir
469 3417 535 3480 παῖ,
554 3433 620 3468 caso
664 3414 806 3467 montorio.
824 3412 952 3465 Diracrrtit
972 3412 1006 3463 ab
1024 3413 1080 3464 aliis
1098 3413 1175 3466 acho·

122 3487 239 3562 Pythone.
662 3493 749 3547 liastea
763 3491 920 3565 Sophoclis,
933 3489 1038 3544 tradens
1058 3503 1115 3546 tum
1132 3491 1178 3545 dc·

155 3575 196 3640 93.
218 3575 321 3644 Quoties
338 3576 413 3642 jacet.
432 3573 521 3638 Quam
542 3573 620 3627 multi
664 3591 739 3625 mum
769 3571 899 3644 templum
926 3570 1021 3624 Ccuao
1050 3570 1111 3623 Jovi
1142 3573 1176 3626 ab

123 3665 172 3704 runt
191 3655 218 3707 in
238 3672 294 3708 una
318 3651 416 3726 hydra,
430 3671 509 3724 quom
523 3651 620 3718 clerici,
665 3652 1176 3725 Herculecrectumzqoumtamenipse

33 3805 34 3814 ἵ
123 3729 264 3802 Pythonos!
666 3731 813 3803 Sophoclea
835 3730 964 3802 rigniflcet
985 3732 1039 3802 jam
1063 3729 1178 3785 adifica-

154 3819 197 3880 94.
214 3812 315 3886 Hydra.
335 3812 485 3864 Numeroso
506 3813 576 3866 malo
596 3823 622 3865 et
667 3824 733 3865 tum.
748 3811 828 3864 ovid.
838 3811 960 3874 Merlx,
975 3811 1046 3864 1³6:
1061 3836 1072 3857 ι
1084 3811 1179 3864 Victor

124 3890 184 3958 quod
194 3895 264 3948 binio
275 3892 381 3964 cingulo
390 3903 524 3964 amputato
532 3891 622 3964 repul·
667 3892 701 3944 ab
718 3891 850 3944 OEchalia
866 3889 961 3943 Cenaeo
978 3908 1050 3942 sacra
1069 3892 1179 3960 parabat

123 3965 210 4026 lulahat
224 3971 366 4046 capitibus.
668 3971 739 4024 Vota
758 3971 850 4024 lovi.»
868 4003 909 4016 ·-
930 3970 1028 4022 Toum
1050 3990 1097 4022 ara
1121 3982 1178 4022 tcm-

157 4057 199 4117 96.
216 4053 322 4116 Orieru,
342 4071 358 4104 a
371 4051 477 4106 Baccho
491 4053 623 4106 subactus·
665 4051 719 4122 pla.
738 4051 805 4117 Qun
830 4049 930 4124 templo
952 4049 1061 4122 tegitur,
1076 4068 1135 4121 qun
1151 4049 1178 4102 in

125 4127 217 4204 ouatp.
233 4153 270 4188 rs.
284 4138 340 4196 114
357 4144 384 4186 ct
399 4131 623 4202 tale-Gorgon,
670 4131 770 4202 templo
781 4141 828 4184 eat.
839 4128 905 4183 Vid.
921 4127 1061 4182 Animula.
