3130 5118
377 535 442 583 rrn
663 515 703 582 L.
731 515 908 590 ANNAEI
934 515 1153 586 SENECAE

418 640 600 732 Appeteret
616 636 722 731 ignis,
740 637 926 712 lamberent
944 639 1086 708 llammae
1108 652 1227 733 caput,

416 750 495 820 Non
514 747 631 842 pressit
644 747 771 819 oculos.
790 749 855 820 sad
868 751 950 845 quid
964 751 1051 820 hanc
1068 765 1219 820 moestarn
1233 749 1347 820 intuor

367 879 373 892 ‘
418 859 502 928 Sinu
520 859 709 952 gerentem?
726 859 883 954 reliquias
900 861 1012 955 magni
1031 858 1185 930 Herculis
1392 878 1448 931 ¹7⁵⁵

414 969 636 1064 Cineremque
651 970 781 1062 jactans
799 970 987 1066 squalidum
1009 970 1167 1045 Alcmene
1185 971 1298 1064 gemit.

563 1261 834 1349 ALCMENA,
865 1261 1238 1334 PHILOCTETES.

419 1505 533 1553 nucu.
551 1481 699 1564 Timete,
718 1481 856 1578 Superi,
874 1479 941 1551 fata
957 1506 965 1548 :
984 1495 1052 1552 tam
1069 1504 1192 1578 parvus
1210 1478 1294 1560 cinis

412 1589 596 1664 Herculeus
615 1605 663 1676 est
684 1617 692 1664 ε
713 1590 780 1662 huc
799 1589 855 1662 ille
873 1589 1021 1662 decrevit
1040 1590 1143 1685 gigas.

413 1705 445 1771 Ο
468 1716 612 1796 quanta,
630 1701 746 1787 Titan,
769 1701 803 1770 in
825 1699 908 1769 nihil
930 1699 1034 1769 moles
1055 1699 1141 1771 abit!
1385 1729 1441 1779 17⁸0

414 1811 540 1898 Anilis,
562 1811 628 1879 heu
652 1809 725 1881 rnel
745 1812 833 1906 oepit
852 1809 991 1880 Alciden
1012 1812 1113 1880 sinus.

414 1925 478 1994 Hic
499 1920 646 1991 tumulus
665 1920 710 1990 illi
730 1937 803 1990 est:
822 1947 898 1991 ecce
919 1923 975 1990 vix
994 1937 1097 1991 toturn
1117 1919 1278 1992 Hercules

414 2029 603 2126 Complevit
623 2056 743 2099 urnam
761 2057 768 2099 :
791 2056 890 2125 quam
910 2029 979 2100 leve
995 2047 1045 2101 cst
1063 2031 1314 2126 poemanini,

408 2238 481 2311 1755
499 2257 540 2310 eq.
556 2237 607 2290 Sed
618 2238 678 2310 qnid
691 2238 753 2289 lanc
769 2249 874 2289 nosram
962 2237 1047 2309 1756.
1061 2237 1122 2290 Sr'nn
1137 2247 1267 2306 gerentem.
1283 2233 1325 2289 Ad
1342 2239 1440 2308 proxi-

363 2325 453 2385 ιἠευον,
465 2331 515 2372 erc.
533 2316 586 2378 Sed
599 2317 665 2388 q'uid
676 2319 714 2372 rei
728 2329 784 2382 eea,
801 2315 875 2389 quod
920 2336 978 2370 moe
991 2318 1143 2390 antecebat.
1159 2317 1285 2387 reliquiae
1295 2317 1442 2388 colligere,

360 2401 442 2454 video
452 2400 590 2454 mulierem
600 2397 691 2452 nereio
699 2415 777 2468 quarn
791 2397 819 2450 in
831 2397 875 2453 lu·
921 2396 981 2450 aino
992 2397 1097 2461 lovere,
1114 2410 1141 2451 et
1148 2414 1319 2467 componere.
1331 2397 1373 2452 De
1383 2417 1440 2468 qua

361 2475 878 2555 gubribuaenllarcinuramlllaecdubius
922 2477 1025 2536 forma,
1040 2475 1094 2529 vid.
1105 2474 1204 2536 'I'road.
1219 2495 1245 2527 v.
1257 2494 1321 2546 799.

358 2563 464 2635 primo:
476 2573 502 2613 et
512 2555 656 2630 respondet
667 2557 734 2610 eibi:
749 2557 877 2610 Alcmena
961 2557 1023 2610 Aer.
1037 2557 1072 2620 V,
1083 2576 1120 2608 ec.
1132 2573 1165 2608 rr.
1180 2555 1258 2609 Suom
1274 2574 1304 2608 ex
1313 2557 1440 2612 Herculio

363 2653 402 2694 eet
416 2659 478 2694 oum
499 2639 621 2708 aqualore
633 2649 661 2689 et
674 2637 792 2706 gemitu,
809 2636 877 2688 lera-
922 2649 1009 2690 morte
1024 2634 1126 2689 cladem
1140 2636 1268 2688 Alcmena
1282 2635 1363 2689 dolet.

361 2722 414 2774 lem
430 2736 523 2774 urnam
537 2716 586 2768 filii
601 2729 693 2767 tenena
716 2729 742 2768 et
764 2715 875 2785 egicane.
964 2716 1048 2789 1758.
1061 2715 1156 2786 Superi.
1169 2715 1219 2768 Vel
1232 2715 1372 2778 mortales,
1386 2717 1437 2787 qui

363 2797 548 2853 Jaeramnilril
570 2806 610 2848 eet
626 2792 699 2847 eliud
720 2813 799 2866 quam
817 2813 876 2846 mo·
922 2813 1015 2866 nupera
1034 2813 1095 2848 aura
1114 2795 1269 2862 vescimini3
1291 2795 1332 2848 vel
1347 2808 1438 2866 potest

363 2898 444 2940 vem,
469 2891 631 2947 promovens
656 2872 817 2945 portando:
847 2884 877 2926 ut
920 2873 1035 2945 inlelligi
1046 2873 1079 2927 de
1090 2873 1376 2945 Diia3namqnelorie
1392 2895 1437 2927 se-

363 2977 433 3013 nare
452 2959 577 3028 jactamur
601 2964 647 3006 aut
672 2972 767 3014 curru,
791 2971 875 3024 quurn
920 2955 1042 3026 pulcrum
1059 2952 1176 3007 oeteodit
1189 2955 1280 3018 Crete,
1298 2967 1324 3008 et
1336 2956 1436 3008 Bacchi

362 3036 547 3112 provehimur.
570 3035 669 3086 lactari
687 3031 753 3086 dicia
773 3033 876 3086 moveri
920 3033 1091 3088 simulacrum
1112 3034 1211 3086 inferos
1226 3032 1301 3096 adiit.
1316 3065 1357 3078 —
1369 3036 1436 3087 Peru

363 3117 519 3191 peculium,
533 3113 665 3185 utpesaim
676 3115 761 3182 sugam
770 3113 875 3168 moveri
922 3135 974 3180 ans,
993 3133 1073 3185 quern
1088 3132 1169 3184 perra
1182 3114 1268 3185 capiat
1282 3132 1358 3170 nme.

362 3217 411 3270 per
429 3216 469 3260 ee,
494 3209 523 3250 et
533 3196 624 3264 fugare
642 3212 692 3265 pro
713 3193 815 3246 incessu
832 3193 874 3244 ecl
962 3191 1436 3264 1759.namn,decrocend0de-

361 3279 445 3332 exitu.
455 3275 530 3342 Quin
539 3287 565 3328 et
577 3273 876 3344 Alcnianresubsequen·
919 3275 993 3327 veuit
1007 3272 1130 3334 adhunc
1146 3292 1256 3344 parrum
1272 3274 1421 3344 pulverem.

362 3360 399 3413 tia
416 3358 497 3412 verba
512 3373 567 3409 noo
586 3354 620 3406 ira
637 3366 699 3406 aunt
717 3354 825 3423 ignava,
845 3365 876 3404 ut
965 3356 1047 3423 1760,
1064 3355 1089 3406 0
1103 3365 1212 3425 quanta.
1233 3355 1322 3416 Titan,
1335 3365 1385 3405 erc.
1404 3355 1431 3404 Ο

361 3439 418 3494 eine
430 3434 629 3508 geniculatione
638 3444 718 3503 atque
730 3432 873 3502 agitatione
918 3433 980 3498 sor,
998 3445 1095 3502 quanm
1110 3433 1192 3486 rnolee
1212 3433 1238 3484 iu
1259 3433 1327 3486 nilril
1348 3433 1429 3486 obiit!

358 3517 619 3589 hypocrioe‚quam
631 3511 872 3583 neeeseeestaequi
918 3513 1045 3582 Suspicor
1070 3525 1157 3564 ramcn
1179 3513 1252 3566 lmne
1274 3513 1383 3576 locum,
1402 3527 1433 3572 et

359 3596 530 3672 jactationem
554 3611 643 3656 nrnce,
662 3591 732 3644 bene
751 3611 871 3662 pronun·
916 3591 1010 3646 Tirone
1022 3589 1056 3643 cle
1066 3590 1180 3645 Hercule
1193 3593 1227 3646 ab
1241 3605 1350 3652 auctore
1367 3611 1433 3654 cou-

360 3679 470 3734 tienrur.
485 3670 559 3740 Quid
572 3672 617 3724 ille
631 3671 712 3724 Polue
722 3671 794 3742 apud
807 3670 871 3725 Gel·
916 3683 1023 3741 ceptum
1040 3670 1127 3724 suine.
1141 3672 1227 3726 Fene.

358 3755 444 3812 lium?
469 3754 514 3825 qui
538 3753 566 3804 in
587 3752 691 3803 Electra
707 3761 799 3805 renem
814 3768 871 3806 ocra
959 3749 1043 3819 1763.
1058 3750 1433 3820 Complerirurnam.1mitatur

360 3837 425 3898 lilii,
439 3831 514 3905 quani
526 3831 639 3890 Orestis,
654 3831 743 3883 omnio
755 3830 871 3902 comple·
915 3828 1076 3892 ovidianum
1090 3829 1172 3898 illud,
1187 3832 1251 3885 Mer.
1264 3831 1337 3894 ΧΠ,
1352 3829 1429 3886 615:

360 3918 399 3972 vit
419 3915 493 3967 lucro
518 3923 545 3962 et
566 3909 687 3962 lamentis
706 3910 772 3962 vivia
791 3921 869 3981 atque
917 3907 1010 3964 mdo
1034 3923 1087 3964 ram
1104 3929 1199 3983 magno
1219 3922 1302 3966 restat
1323 3909 1431 3966 Achille

359 3993 539 4072 spirantibus.
572 4006 628 4040 non
659 3989 803 4042 commovit
824 4008 869 4056 ee,
912 3987 1204 4062 neecioquid‚parram
1213 3987 1430 4062 quodnonbene

356 4073 480 4152 jacuerit,
492 4067 639 4124 adflictarit
652 4072 663 4128 ἓ
679 4086 743 4140 ergo
754 4071 868 4140 etjacrar
913 4068 1045 4141 compleat
1060 4088 1164 4124 urnam.
1177 4098 1190 4117 ·
1202 4100 1242 4114 -
1255 4071 1322 4122 Lare.
1344 4069 1430 4135 Quod

259 4151 261 4161 ¹
358 4164 392 4214 vit
407 4157 534 4211 cinerem·
552 4148 678 4210 Gnolov·
910 4147 1000 4228 digitis
1015 4149 1134 4227 quinque
1146 4151 1249 4212 levetur
1261 4168 1339 4212 onus,
