3130 5118
274 537 557 608 HERCULES
583 537 799 608 OETAEUS.
829 541 940 610 ACT.
967 545 1009 612 V.

170 661 315 758 Typhon
335 662 369 730 in
387 659 445 730 illo
463 662 592 755 positus
612 661 767 731 immanis
785 686 868 758 rogo

173 773 365 845 Gemuisset
383 772 475 865 ipse,
495 773 621 866 quique
638 771 831 842 convulsam
850 773 922 844 solo

173 883 337 978 Imposuit
358 881 507 952 humeris
526 886 633 953 Ossan
657 882 846 953 Enceladus
864 883 968 954 ferox.

172 1001 215 1065 At
236 992 292 1062 itte
310 992 435 1062 medias
458 993 545 1062 inter
562 1017 743 1087 exsurgens
761 993 848 1064 facea

169 1105 353 1175 Semiustus
371 1129 410 1174 ac
428 1102 589 1191 laniatus,
609 1103 817 1199 intrepidus,
840 1105 987 1174 rubens:

165 1217 292 1287 «Nunc
311 1239 345 1283 es
368 1239 488 1309 pareus
506 1213 685 1300 Herculem
706 1215 753 1283 sic
774 1229 862 1284 stare
884 1213 926 1284 ad
948 1239 1085 1310 rogum,

170 1329 260 1413 «Te,
281 1340 398 1409 mater,
421 1325 547 1418 inquit,
566 1322 613 1393 sic
630 1324 724 1393 decet
745 1323 818 1392 ileri
839 1323 1059 1395 Herculem.»

171 1440 262 1505 Inter
281 1459 419 1530 vapores
436 1435 565 1530 positus
583 1451 616 1503 et
634 1433 776 1504 flammae
794 1436 924 1522 minas,
993 1421 996 1429 ¹

172 1547 355 1630 Immotos,
375 1544 615 1632 inconcussus,
634 1547 669 1612 in
692 1559 848 1613 neutrum
867 1544 954 1615 latus

172 1658 336 1750 Correpta
354 1669 513 1749 torquens
532 1656 701 1742 membra,
718 1653 935 1741 adhortatur,
952 1670 1077 1725 monet.

167 1767 265 1836 Gerit
282 1765 408 1860 aliquid
423 1765 546 1835 ardens
561 1794 569 1835 ε
583 1765 739 1833 omnibus
758 1764 878 1833 fortem
898 1763 1027 1833 addidit

170 1877 330 1946 Animum
353 1875 514 1944 ministris
532 1902 540 1945 ε
558 1901 655 1944 urere
674 1873 975 1969 ardentemputes.

169 1991 291 2081 Stupet
313 2011 413 2054 omne
433 1985 571 2080 vulgus,
593 1985 648 2054 vix
671 1985 795 2053 habent
817 1984 958 2053 flammae
981 1983 1100 2053 fidem:
1147 2021 1154 2046 ι

174 2100 255 2166 Tam
276 2093 406 2190 placida
427 2095 519 2165 frons
541 2110 609 2182 est,
630 2108 725 2164 tanta
746 2095 901 2188 majestas
917 2091 1008 2163 viro!

168 2209 241 2278 Nec
260 2221 423 2302 properat
442 2207 494 2274 nri
510 2231 519 2276 :
536 2231 709 2300 quumque
727 2206 796 2299 jam
815 2205 894 2274 forti
912 2205 1028 2274 datum

167 2321 252 2388 Leto
269 2318 350 2386 satis
373 2317 542 2410 pensavit,
558 2316 716 2410 igniferas
733 2316 844 2384 trabes

167 2427 254 2495 Hinc
270 2426 348 2494 inde
363 2427 483 2514 traxit,
497 2427 636 2496 minima
657 2450 740 2520 quas
755 2425 891 2494 flamma
905 2439 1067 2520 occupat,

166 2538 337 2629 Totasque
354 2536 389 2604 in
412 2536 523 2631 ignem
543 2538 662 2623 vertit,
679 2551 712 2604 et
733 2561 798 2630 qua
818 2533 984 2630 plurimus

167 2647 324 2714 Exundat
343 2647 450 2740 ignis,
469 2647 587 2741 recipit
605 2646 814 2740 intrepidus,
836 2645 940 2715 ferox.

165 2759 267 2826 Nunc
287 2783 345 2825 ora
367 2756 510 2827 flammis
530 2755 647 2853 implet
664 2783 671 2826 :
688 2773 739 2827 ast
759 2756 808 2827 itti
830 2781 946 2852 graves

167 2871 298 2937 Luxere
320 2866 452 2955 barbae,
472 2892 644 2962 quumque
659 2868 727 2960 jam
750 2866 880 2936 vultum
900 2867 1014 2935 minax

162 3057 558 3129 17³8.Sasem.1nuepide;
574 3079 630 3114 non
677 3061 692 3112 3
711 3081 717 3113 :
735 3062 891 3116 ἰτιλιύτηοιν
913 3055 952 3111 οὖν
971 3059 1193 3129 &canape-aprione,

116 3139 268 3203 lacrimam,
280 3139 527 3210 nongemunsNid.
538 3141 630 3193 Anim.
674 3143 809 3211 ἠγοὺμινος
833 3144 920 3210 χρῆναι
937 3145 985 3192 τῶν
1001 3145 1133 3192 πολιτικῶν
1149 3140 1193 3192 ἂν·

164 3224 247 3288 ¹74²·
265 3220 396 3292 Torqrrem.
423 3219 487 3272 vid.
503 3219 630 3274 Animad.
675 3216 739 3291 δρῶν
763 3216 827 3290 part
848 3222 888 3272 adr
907 3219 1011 3271 Odoacar
1030 3219 1191 3273 ἀπολίτευτον

163 3300 246 3367 1743.
265 3297 337 3352 Gere't
349 3301 444 3371 aliquid
458 3300 556 3352 ardens.
579 3301 631 3353 Dat
677 3295 746 3361 οἶνοι,
757 3296 895 3370 μηδ’ἀργὺν
904 3301 931 3350 τὸ
939 3305 981 3351 τοῦ
989 3299 1041 3363 βίου
1051 3300 1130 3364 attae,
1138 3300 1192 3352 ἀλλ’

116 3377 190 3431 vitea
204 3378 283 3430 nobis
292 3392 319 3431 et
332 3379 438 3432 animos
450 3398 510 3432 cum
528 3377 632 3433 ardore.
677 3375 1191 3452 ἐνἀριτῆςμιρὶδικοὶπράξιωςγινομενον.

116 3457 162 3510 Ne
176 3458 308 3510 moriatur
323 3459 390 3512 nihil
409 3478 504 3530 agene,
518 3461 583 3512 aliua
597 3457 631 3512 ad
719 3465 803 3529 1744.
821 3459 908 3522 Urere,
921 3458 1137 3528 credereaipaum
1150 3459 1189 3511 ira

113 3536 527 3602 virtutemadhortatur,mouet.
541 3539 631 3611 Opor·
675 3538 814 3593 ardentem
830 3539 876 3610 qui
891 3539 955 3590 alios
968 3539 995 3591 in
1010 3539 1098 3608 ignem
1118 3540 1188 3609 agit,

114 3629 156 3671 tet
181 3618 253 3669 enirn
279 3619 409 3690 sapienter
430 3623 455 3670 ia
478 3631 534 3672 actu
555 3623 628 3682 mori,
674 3639 729 3673 non
741 3619 775 3671 ab
787 3638 819 3672 eo
835 3619 976 3688 comburi,

112 3695 348 3770 quemadmodum
371 3699 490 3770 loquitur
516 3701 629 3765 Seneca,
719 3701 804 3770 ¹7⁴⁵·
823 3699 874 3751 Via
887 3699 988 3763 lrabeat,
999 3710 1050 3751 etc.
1064 3697 1119 3749 Vix
1131 3715 1190 3750 cre·

112 3776 203 3849 Epist.
216 3779 242 3831 8.
262 3776 338 3830 Idem
355 3775 389 3830 de
403 3778 468 3831 otio
482 3779 629 3851 Sapientis,
674 3777 774 3832 debant
790 3798 850 3831 eum
866 3798 921 3832 esee
939 3785 1036 3848 ignem.

114 3875 142 3910 c.
169 3858 229 3910 aa:
251 3881 263 3902 ι
282 3857 337 3909 Noa
358 3877 466 3922 aumas,
479 3858 551 3931 apud
563 3877 632 3932 quoa
720 3864 804 3928 1747.
818 3860 870 3912 Nec
889 3871 1017 3930 properat,
1039 3874 1189 3928 quopoenn

113 3953 203 4007 neque
218 3956 251 3988 eo
266 3937 334 3990 nihil
349 3951 409 3992 ante
427 3951 540 3992 mortem
565 3940 633 3992 otio·
676 3939 1082 4010 eripiatur.—()aumquejam,
1098 3948 1149 3990 etc.
1163 3949 1190 3989 et

110 4029 296 4081 umectat,
311 4019 333 4071 ai
346 4035 388 4071 rea
400 4019 513 4090 patitur,
527 4038 582 4073 non
599 4019 633 4072 sit
676 4037 760 4090 quum
777 4019 936 4072 existimavit
952 4037 980 4071 ee
1002 4018 1064 4070 satie
1083 4033 1189 4068 concea-

15 4123 16 4134 ο
111 4097 176 4168 ipsa
198 4113 272 4149 mors
300 4097 415 4151 otiosa-
441 4100 481 4152 De
509 4101 633 4172 Lycurgo
677 4099 739 4152 sisae
757 4097 908 4153 fortitudini
929 4117 1008 4170 quarn
1034 4097 1191 4168 exposcebat

112 4176 280 4229 Plutarchus
304 4177 333 4229 in
355 4179 410 4250 ejus
436 4180 505 4246 vita,
533 4199 556 4233 c.
581 4200 633 4248 29,
679 4197 751 4231 mora
763 4180 894 4232 Herculis.
