3130 5118
385 523 451 610 184
501 593 515 610 ,,
622 527 676 598 ΙΝ
702 527 997 600 HERCULEM
1022 525 1234 597 OETAEUM

379 658 464 714 Delrii
482 677 487 710 ε
505 669 532 712 ut
546 657 668 721 Attidem
686 672 814 732 preterea
833 659 906 714 utor.
920 662 1046 725 suumn,
1067 655 1140 712 uude
1154 657 1315 715 conuiuatus
1326 670 1443 716 mstrsm

379 739 520 792 lectionem
531 737 684 791 Gronovius
697 757 704 792 ε
728 766 738 788 ι
751 741 806 806 Its,
820 739 923 810 inquit,
935 737 1034 809 duplex
1045 738 1160 809 pretium
1169 735 1371 808 relinquendi.»
1447 737 1454 752 ⁸

422 823 485 892 894.
501 817 573 872 Vesci
583 817 699 873 Hercules
708 839 778 892 puuss
787 822 882 890 potuit,
893 819 918 871 ls.
930 821 1001 889 eupit
1011 819 1079 874 nori.
1089 818 1133 874 Sic
1147 828 1173 872 et
1187 817 1259 870 Flos.
1273 817 1328 872 tue
1341 830 1446 887 tmpo-

381 897 419 952 ris
428 910 486 962 est,
499 914 531 952 ex
540 897 601 952 hoe.
617 899 711 970 Itaque
729 900 827 954 uirum
843 899 962 954 Grutero
971 895 1087 954 hle-diri
1098 895 1334 954 dirinsuuueulsm
1348 915 1443 954 susm:

385 995 496 1048 sqnsm
512 977 616 1048 potuit,
633 990 689 1034 turn
711 981 799 1051 oepit.
814 1005 824 1026 ι
841 979 923 1044 Quasi
943 977 1025 1050 possit
1042 975 1159 1034 blandiri
1179 987 1234 1032 usn
1250 989 1329 1048 turpe
1348 976 1444 1034 vitum

379 1075 483 1114 sersus.

422 1139 489 1204 896.
507 1137 684 1210 Quamcumque
703 1150 781 1191 erotus.
804 1137 876 1191 Flos.
895 1156 1039 1210 quacumque
1062 1149 1150 1198 uetus:
1178 1133 1251 1192 unde
1273 1147 1407 1206 receptent
1431 1155 1446 1188 ι

380 1215 460 1268 uobis
478 1216 617 1268 lectionem
634 1216 749 1288 Scaliger
760 1218 881 1289 conjecit.

330 1327 332 1335 ·
421 1297 487 1365 897.
503 1296 589 1347 Virum
597 1300 718 1369 sequeris?
730 1322 742 1345 ι
755 1297 831 1350 Libri
841 1295 986 1367 publicati:
1002 1295 1086 1347 lirum
1097 1297 1219 1365 sequeris?
1228 1307 1364 1366 tamquam
1374 1311 1446 1348 mor-

380 1386 427 1428 tuo
447 1378 501 1446 jsm
519 1375 648 1441 Hercule,
667 1395 750 1447 quom
764 1375 847 1430 modo
866 1374 966 1429 dixerit
980 1375 1086 1440 mulier,
1109 1372 1196 1427 sdhue
1217 1391 1278 1427 eum
1294 1390 1441 1445 superesse.

378 1453 466 1508 Immo
479 1452 641 1525 legendum:
660 1481 671 1502 ι
683 1456 780 1508 Virum
795 1457 921 1528 sequeris.
933 1481 944 1503 ι
971 1453 1038 1520 Qun
1060 1466 1123 1506 suut
1143 1453 1257 1510 civiliter
1278 1453 1443 1522 imperantis.

377 1533 459 1586 Iubet
475 1551 533 1586 estu
547 1535 621 1605 sequi
635 1535 790 1600 Herculem,
812 1554 891 1606 quem
913 1535 1079 1605 superstitem
1103 1533 1195 1588 eredit.
1217 1531 1271 1586 sed
1293 1532 1441 1604 Dejsuirs:

378 1611 457 1678 Nou,
475 1613 576 1684 iuquit,
589 1613 679 1684 sequi,
698 1613 743 1668 sed
755 1613 884 1686 pregredi
899 1626 975 1670 csstse
985 1613 1086 1678 solent,
1100 1625 1130 1666 nt
1143 1611 1261 1666 Alcestis.
1274 1637 1285 1658 ι
1309 1613 1393 1666 Bora.

420 1693 486 1761 899.
499 1693 577 1748 Nesso
591 1712 675 1748 uoeetts
690 1693 737 1746 sthi
753 1697 802 1763 ipse
820 1715 849 1764 p.
869 1693 922 1747 abr.
946 1693 1069 1763 Explicet
1084 1691 1236 1752 Gronovius
1257 1691 1325 1744 huuc
1347 1691 1443 1744 lectio·

378 1787 458 1834 uetn3
481 1783 508 1824 et
534 1771 594 1826 ride
618 1773 646 1826 in
673 1774 753 1828 notis.
788 1773 829 1828 lie
859 1789 912 1844 qus
938 1771 1074 1843 judicium
1102 1771 1191 1826 ferens
1218 1771 1351 1836 Botheus,
1378 1771 1442 1829 eit:

274 1917 278 1926 ¹
380 1849 514 1906 «Minime
534 1849 644 1921 quidem
669 1851 736 1914 melu
763 1852 820 1906 hec
847 1852 1047 1922 interpretatio,
1072 1850 1125 1904 uisi
1156 1847 1230 1921 quod
1260 1849 1337 1904 multi
1363 1862 1442 1908 sunt,

376 1931 425 1999 qui
444 1930 551 2000 culpans
572 1943 694 2000 prestere
716 1951 744 1984 se
766 1949 842 2001 posse
860 1943 967 2002 putent,
987 1948 1047 2002 qum
1070 1930 1098 1982 iu
1120 1948 1166 1986 eos
1181 1928 1276 1984 merito
1295 1929 1444 1984 confertur.

378 2007 469 2076 Quare
495 2010 576 2080 magis
604 2009 690 2079 probo
719 2011 885 2081 reliquorum
912 2011 1042 2065 librorum
1080 1999 1161 2078 (uem
1192 2011 1243 2074 itu,
1267 2021 1297 2060 ut
1318 2007 1443 2072 edituus,

376 2088 447 2140 solus
464 2085 553 2152 Flor.)
571 2087 712 2141 lectionem
733 2094 843 2158 irrogem
863 2102 893 2142 ut
910 2090 1059 2154 neminem,
1080 2088 1126 2160 qui
1145 2089 1180 2144 sit
1192 2105 1288 2144 noeent
1301 2101 1328 2143 et
1341 2087 1444 2155 melos,

377 2167 482 2239 culpem
497 2167 572 2222 interi
581 2183 654 2224 susm
662 2166 732 2231 dicet
743 2169 884 2240 Dejnnire‚
898 2167 945 2224 sed
954 2187 1049 2239 negare
1060 2167 1207 2240 quidquem
1217 2186 1244 2220 se
1253 2168 1444 2224 commeruisse

375 2259 562 2318 supersessis.
578 2245 632 2300 Sed
645 2248 767 2314 omnium
779 2248 881 2320 optime
896 2247 982 2319 placet
994 2248 1205 2318 Rsphelengins,
1226 2247 1272 2317 qui
1290 2247 1354 2318 legit
1372 2250 1445 2302 uuo·

379 2345 446 2392 esus,
458 2344 517 2398 quet
527 2327 655 2380 sententia
669 2345 717 2382 uec
733 2328 804 2384 lusce
818 2341 866 2392 est,
879 2341 906 2382 et
919 2347 966 2390 ee,
983 2345 1036 2400 qua
1052 2327 1184 2398 aptiorem
1198 2326 1276 2382 elisus
1292 2344 1346 2380 nou
1360 2343 1444 2388 exco-

377 2405 456 2476 gites,
475 2405 555 2458 modo
571 2419 597 2458 et
612 2407 684 2458 hune
694 2425 798 2459 versum
814 2405 860 2460 des
874 2407 1003 2464 nutrici.»
1020 2407 1104 2460 Buris.

417 2501 481 2554 90²·
496 2485 610 2538 Sortitus.
629 2485 709 2540 Both.
727 2487 840 2558 sl'ulgo
856 2505 911 2544 nou
932 2486 1103 2558 distinguitur
1116 2496 1177 2556 post
1191 2488 1306 2550 sortitus,
1326 2484 1400 2558 qussi
1417 2485 1443 2539 is

376 2564 430 2618 ιἰιι
442 2584 488 2620 sue
501 2563 627 2620 domuere
640 2563 781 2631 diceretur,
797 2567 844 2638 qui
860 2567 911 2621 ists
926 2567 1017 2638 inique
1030 2566 1139 2620 sortitus
1154 2566 1257 2637 lugeret
1270 2582 1277 2618 z
1291 2563 1365 2637 quod
1379 2565 1440 2620 ine·

378 2655 464 2714 ptum.
478 2644 593 2706 Sortiuss,
605 2644 711 2700 sortitus
722 2658 770 2700 est.
785 2671 796 2694 ι

418 2723 482 2792 905.
498 2723 597 2776 bruas
604 2721 686 2792 figens
698 2737 716 2780 ι,
731 2725 851 2780 Gronov.
865 2726 993 2796 «lipsius
998 2724 1096 2794 figens,
1109 2724 1171 2795 quie
1187 2725 1224 2778 sie
1242 2723 1318 2778 MSS.
1340 2737 1367 2776 et
1382 2743 1442 2778 non

378 2802 504 2854 conuenit
516 2802 579 2854 huie
588 2803 626 2854 rei
633 2803 749 2872 flectendi
765 2805 886 2858 verbum.
903 2802 982 2858 Redit
992 2803 1027 2858 ed
1042 2803 1178 2874 ingenium
1198 2803 1299 2856 amicus
1315 2824 1321 2856 s
1335 2801 1388 2874 figi
1401 2804 1444 2858 sit

377 2882 405 2934 iu
419 2881 576 2952 corporibus
588 2881 653 2946 tels,
667 2880 714 2935 sed
725 2897 862 2954 postquem
868 2885 953 2954 fluns
967 2901 1063 2938 arcus:
1081 2901 1131 2940 neu
1144 2900 1260 2948 uorum,
1275 2879 1349 2955 quod
1361 2899 1444 2940 utens

376 2961 534 3032 proprium,
544 2959 738 3014 accommodari
749 2963 827 3018 telis:
847 2961 907 3016 ideo
925 2964 1038 3016 retinere
1055 2981 1083 3016 se
1103 2981 1166 3018 cum
1180 2974 1294 3033 quotuor
1307 2959 1382 3014 MSS.
1391 2963 1443 3029 lle-

377 3051 449 3092 eteru.
462 3040 490 3092 Si
505 3039 569 3111 legit
581 3059 669 3093 meum
685 3041 748 3094 ferri
763 3041 790 3094 in
804 3041 1013 3114 pheretre,legit
1025 3055 1052 3096 et
1065 3042 1115 3096 tels
1128 3041 1214 3106 flecti,
1232 3060 1314 3114 quum
1329 3040 1443 3098 mittun·

377 3132 429 3176 tur.
445 3120 499 3174 Nos
511 3121 618 3174 interius
634 3137 696 3176 cum
709 3121 835 3195 Lipsisuo
850 3134 876 3174 et
891 3122 962 3176 Flor.
979 3122 1150 3178 retinebimus
1157 3121 1248 3192 figeres.

417 3217 450 3268 91
460 3217 484 3252 ι.
504 3199 592 3251 Placet
605 3200 679 3251 scelus
696 3202 791 3270 petuire.
811 3201 855 3254 sie
870 3200 975 3272 Lipsius
990 3212 1016 3254 et
1029 3201 1101 3255 Flor.
1118 3203 1198 3255 ceteri
1219 3201 1294 3258 MSS.
1316 3199 1441 3256 Frondem

390 3279 452 3331 lueet
480 3281 554 3340 urrisu.

371 3300 390 3350 P
416 3299 482 3426 pisi
494 3357 614 3430 Serpentis
623 3357 741 3412 illinitus.
755 3360 831 3413 MSS.
841 3360 942 3430 aliquot
952 3359 1106 3426 invenuste,
1115 3379 1178 3431 serp.
1190 3358 1441 3416 illudo-Emtae

375 3450 493 3490 autumas.
506 3437 572 3490 Fere
586 3455 679 3492 omnes
692 3439 767 3494 MSS.
782 3443 863 3493 evietoe
876 3451 993 3494 autumus.

416 3536 480 3584 9²⁰·
496 3517 567 3570 Nessi
579 3521 703 3586 opprimet.
721 3517 797 3572 Mss.
815 3518 957 3590 permulti,
972 3519 1042 3576 Ness.
1056 3520 1178 3588 opprimit.
1194 3519 1288 3586 8029,
1304 3517 1382 3570 Nesso
1395 3537 1441 3587 op·

372 3600 465 3666 prr-imit.

414 3684 478 3745 9²4·
501 3675 561 3728 Cssru
575 3673 663 3728 Alcida
677 3675 772 3730 occidit.
787 3675 864 3734 MSS.
879 3676 989 3730 Alciden
1001 3675 1095 3730 oceidit.

413 3756 477 3824 930.
492 3754 588 3808 iuterim
596 3773 667 3824 parta
675 3767 711 3808 est
723 3758 791 3810 muri.
802 3755 906 3810 Delrius
913 3755 1033 3826 corrigit:
1047 3756 1172 3817 sinteriut
1184 3773 1262 3828 prens
1273 3766 1312 3807 est
1321 3771 1395 3808 mors
1404 3773 1411 3806 s
1420 3781 1434 3802 ιι

373 3833 430 3900 sel,
445 3859 455 3882 ι
470 3830 585 3886 crudelis
600 3834 645 3886 ille
660 3847 699 3890 est
710 3834 828 3892 iuterim.
838 3835 928 3892 Nuru.
940 3836 1021 3890 Poene
1034 3847 1072 3890 est
1088 3835 1164 3890 mori.
1177 3861 1187 3882 ι
1205 3831 1328 3888 Ostendit
1338 3852 1365 3886 se
1378 3852 1439 3888 nou

373 3912 486 3984 cepisse,
495 3911 559 3984 quid
570 3912 616 3966 lsio
629 3927 695 3968 esset
707 3917 811 3970 iuterim.
827 3915 933 3986 Lipsius
946 3915 1014 3969 hene
1024 3914 1206 3970 sententiolam
1215 3913 1336 3968 sttribuit
1345 3914 1439 3968 nutri·

374 3993 412 4046 ci:
426 3990 502 4064 quod
515 3993 641 4062 sequitur,
651 3993 695 4044 secl
703 4013 765 4063 saepe
781 3995 877 4060 douurn,
887 4007 938 4050 etc.
949 3993 1079 4064 Dejsnirss
1093 4013 1099 4046 :
1116 4006 1172 4046 tum
1184 4011 1274 4048 rossus
1288 3993 1439 4060 Nutriui,iss

369 4073 478 4140 plurilus
492 4075 571 4126 uenies
583 4074 645 4138 suit.
657 4073 815 4144 depugnent
828 4073 943 4145 Scaliger
954 4086 981 4126 et
999 4073 1138 4128 Gruterus.
1156 4075 1348 4144 Interpretatur
1361 4073 1409 4126 ille
1425 4094 1433 4127 :

371 4165 476 4208 eatenus
492 4166 529 4206 est
542 4151 609 4206 mori
622 4171 715 4223 poene,
729 4166 856 4224 quotenus
867 4154 935 4208 mori
950 4153 1058 4224 cupiens
1069 4167 1173 4208 vetetur
1186 4172 1193 4204 :
1209 4164 1271 4206 tunc
1284 4171 1435 4224 morsque
