3130 5118
367 521 433 602 tul
658 520 697 586 t..
724 519 896 589 ANNAEl
923 519 1134 588 SENECAE

409 644 510 712 Certe
528 665 590 735 ego
614 656 647 709 tc
668 641 737 710 vidi
761 641 981 735 flagrantibus

409 739 607 846 Impositum
627 751 734 834 silvis,
751 777 854 846 quum
877 751 1041 847 plurimus

408 866 448 932 Iu
471 862 585 932 caelum
605 863 731 932 fureret
748 863 889 932 llemmae
911 878 1030 932 metuo.

411 973 530 1044 Arsisti
548 989 658 1060 certe;
680 997 796 1042 verum
818 972 935 1042 ultima

410 1088 488 1156 Non
508 1098 644 1154 tenuere
665 1097 739 1154 tuas
760 1079 895 1154 umbras
917 1084 1001 1154 loca.

410 1193 502 1282 Quid
521 1195 662 1264 timuere
682 1195 732 1263 tui
753 1219 881 1280 munes,
904 1193 1049 1293 precor?

409 1302 538 1373 Umbra
556 1328 690 1398 quoque
708 1319 757 1374 est
777 1305 849 1374 Diti
864 1305 964 1373 nimis
986 1303 1133 1373 horride.

409 1437 516 1484 nuuc.
537 1418 614 1486 Non
632 1439 685 1483 me
703 1417 862 1509 gementis
879 1430 996 1510 stagna
1016 1415 1131 1509 Cocyti
1151 1429 1281 1504 tenent,

410 1526 487 1594 Non
509 1525 631 1618 puppis
649 1525 785 1594 umbras
802 1525 896 1594 furva
916 1526 1096 1594 transvexit
1116 1513 1215 1594 meas.

411 1637 484 1702 Jam
507 1657 618 1728 parce,
638 1649 759 1721 meter,
780 1635 963 1730 questibus.
985 1638 1103 1704 Manes
1126 1634 1225 1703 semel
1380 1659 1429 1713 rus

408 1743 620 1838 [Imbresque
639 1745 730 1814 vidi:
749 1745 913 1840 quidquid
933 1747 966 1814 in
990 1746 1086 1814 uobis
1110 1745 1161 1813 tul

328 1941 330 1946 ,
412 1853 556 1923 Mortale
574 1854 697 1941 fueret,
716 1856 803 1950 ignis
822 1858 950 1925 evictus
969 1853 1058 1924 tulit.

411 1967 553 2035 Paterna
573 1963 653 2034 caelo
670 1989 747 2058 pars
769 1965 846 2034 datu
867 1981 932 2056 est,
956 1966 1099 2034 flammis
1118 1977 1186 2036 tua.

407 2162 493 2234 1957.
507 2163 645 2234 lmpmittuu
656 2165 738 2229 siluis,
750 2161 873 2218 etc.Vid.
918 2178 947 2218 ut
958 2165 1095 2218 hominem
1108 2175 1198 2225 exuet.
1214 2163 1315 2216 OEtaeit
1325 2162 1430 2235 ignibus

367 2243 509 2297 Animadv.
918 2257 1115 2299 concrematur.
1127 2269 1138 2291 ι
1154 2244 1222 2309 Qum
1239 2244 1319 2296 verbu
1339 2243 1430 2297 eedem

409 2325 493 2393 ¹958.
517 2323 634 2375 Flamma
652 2335 735 2377 metus.
756 2323 876 2378 Flamma
919 2326 1009 2378 inveni
1024 2327 1050 2376 in
1070 2324 1184 2376 Minucii
1201 2323 1296 2376 Felicio
1310 2321 1431 2376 Octauio.

369 2400 484 2457 erdeutie
496 2404 553 2473 rogi
566 2403 718 2457 metuende.
786 2461 787 2466 ,
919 2405 1045 2476 Suspicor
1059 2422 1143 2455 unum
1165 2403 1199 2455 eb
1217 2404 1269 2455 elio
1284 2403 1431 2474 accepim
1513 2415 1515 2420 “

412 2485 495 2552 1959.
512 2483 717 2546 ΙΜΛιιῐοτηι,
736 2483 856 2536 Tertert.
919 2486 960 2538 vel
983 2485 1010 2537 in
1031 2483 1183 2537 alterutrius
1197 2483 1294 2534 librum
1308 2483 1430 2536 insertae

411 2568 495 2632 1961.
508 2564 577 2628 (tutet
584 2566 680 2615 timuere
688 2563 730 2615 tur‘.
741 2563 827 2628 Quem
836 2564 877 2616 tul
920 2564 1137 2633 Philoglorsuriie.
1155 2562 1304 2626 Arnobius,
1317 2562 1365 2614 tib.
1384 2563 1432 2623 IV,

365 2655 466 2714 portem
481 2643 592 2694 timuere
604 2661 693 2695 manee
704 2647 715 2694 t
727 2644 771 2694 An
785 2655 812 2695 ct
822 2661 878 2695 um·
920 2644 955 2696 ite
967 2644 1059 2696 scribit
1071 2662 1078 2695 :
1097 2668 1108 2690 ι
1125 2641 1280 2695 etum-chus
1288 2639 1431 2694 Herculem

367 2724 443 2775 hrum
459 2719 634 2773 tuamtvffl.
647 2740 706 2791 sup.
720 2720 753 2773 ad
770 2727 850 2791 1706.
920 2736 980 2794 poet
1005 2723 1146 2775 comitialis
1170 2721 1257 2774 morbi
1288 2722 1381 2774 ruinae
1404 2721 1430 2773 in

411 2799 495 2869 1963.
519 2799 649 2852 Gemeute'r.
671 2800 877 2872 Optime:nttm
920 2801 1180 2856 cineresdieeolutum
1191 2798 1431 2873 prodidit.·Quod

368 2879 568 2950 Cocytinomen
579 2899 592 2931 e
603 2883 701 2932 κωκύειν
711 2882 879 2946 ,lamenteri‚
921 2882 1059 2946 nonnulli,
1073 2883 1207 2956 completo
1221 2879 1341 2933 nondum
1357 2883 1433 2950 trige-

369 2961 477 3034 ejulere.
491 2958 584 3011 Horat.
597 2960 642 3024 11,
654 2958 698 3013 od.
713 2967 764 3023 rt,
780 2979 823 3031 ¹7·
921 2963 990 3015 eimo
1001 2963 1176 3018 matiscone,
1189 2962 1282 3012 volunt
1293 2959 1431 3014 accidisse:

413 3039 496 3109 2965.
506 3037 667 3102 Semetdum
680 3040 706 3092 iu
719 3040 785 3092 vivit
796 3059 879 3093 erem.
922 3055 947 3094 et
958 3043 991 3092 ub
1002 3042 1051 3093 hec
1062 3043 1117 3113 ejus
1132 3041 1249 3104 miseria,
1262 3049 1355 3093 natum
1371 3057 1433 3110 pro·

411 3123 495 3188 1966.
514 3119 647 3191 Quidquid.
668 3120 763 3172 Animo
785 3120 878 3172 coelum
923 3121 1072 3173 verbium:
1100 3122 1197 3173 Ardent
1233 3125 1323 3173 turico.
1344 3121 1434 3172 Mene·

367 3199 457 3271 petiit,
468 3217 565 3268 corpus
578 3200 604 3251 in
619 3214 728 3268 cognatu
741 3199 881 3264 elemento,
922 3201 987 3253 thon
1004 3213 1109 3263 autem,
1123 3200 1251 3252 Eusebius
1263 3213 1287 3251 et
1301 3202 1333 3252 D.
1350 3197 1433 3252 Isido-

367 3277 442 3332 ende
464 3291 567 3340 ortum,
585 3279 650 3331 obiit
666 3297 672 3331 :
691 3279 819 3350 putabunt
832 3298 879 3331 eu·
923 3293 1042 3333 ruerunt
1056 3292 1191 3342 auctores,
1207 3278 1350 3332 Herculem
1364 3297 1432 3331 enno

369 3373 423 3414 tem
438 3359 590 3418 ἀποδιώσιος
606 3358 644 3410 illi
660 3358 880 3430 lautorer‚opor-
922 3360 1050 3422 vitenti,
1074 3377 1155 3429 quum
1169 3360 1196 3410 in
1214 3360 1338 3410 morbum
1354 3357 1435 3430 pecti·

370 3453 427 3492 tere
443 3451 579 3490 terrenum
598 3437 663 3491 illud
678 3457 758 3490 omne
772 3439 880 3508 corpori
923 3440 1020 3492 lentem
1040 3437 1191 3502 incidisset,
1214 3439 1324 3491 eanitote
1345 3437 1434 3508 tleepe·

370 3517 517 3572 admixtum
532 3517 668 3584 comburi,
679 3531 708 3570 ut
723 3517 880 3572 immortalis
923 3533 990 3576 retu.
1005 3519 1040 3570 oh
1054 3518 1183 3570 eruciatus
1197 3519 1380 3579 acerbitatem,
1394 3535 1434 3569 te·

371 3599 433 3671 quie
445 3597 529 3648 lieret.
687 3666 690 3674 Ι
924 3601 987 3652 eeiu
1003 3597 1134 3650 llummmn
1149 3597 1435 3667 irrjecirse.Arirtoteles

414 3679 500 3746 1967.
522 3676 631 3728 Evictus.
657 3677 741 3746 Cujue
762 3679 879 3731 furorem
924 3678 978 3731 bile
999 3691 1053 3730 ntro
1081 3677 1204 3748 epitetum
1233 3677 1361 3729 violentus
1385 3675 1434 3728 eibi

371 3755 517 3811 constantie
534 3767 577 3806 tua
592 3754 732 3819 domuisti,
746 3759 858 3810 evicisti.
924 3776 1018 3810 menne
1041 3769 1126 3808 censet
1142 3757 1269 3825 intulisse.
1288 3757 1436 3817 Putebent,

414 3836 499 3904 1968.
511 3833 627 3886 Fummu
641 3847 691 3888 tuu.
713 3837 746 3888 D.
768 3837 880 3907 Cypriu-
924 3849 953 3889 ut
965 3837 1286 3908 quieimmortelitlieret‚
1301 3848 1436 3888 terrenum

370 3911 881 3970 nurintibuetdot.reniterer·Ca·
924 3935 1004 3969 omne
1037 3917 1145 3984 corpori
1179 3915 1340 3974 admixtum,
1377 3915 1436 3984 igne

370 4007 458 4050 etoret
469 3993 675 4046 Polluxulternit
683 3995 842 4060 moriuntur,
852 4009 881 4050 ut
924 3995 998 4066 prius
1006 3994 1128 4048 comburi
1141 4008 1275 4066 oportere.
1287 3997 1330 4048 sic
1343 3997 1439 4054 Ceret,

369 4079 472 4136 vivent3
494 4073 673 4144 AEecultpiue,
694 4087 724 4128 ut
745 4073 772 4127 in
792 4076 879 4128 Deum
924 4075 994 4129 Feret.
1006 4075 1056 4141 IV,
1070 4073 1144 4140 554,
1158 4076 1252 4128 volent
1268 4075 1437 4145 Triptolemo

371 4167 505 4224 mtrrflet,
534 4153 708 4216 fulminatum
735 4154 878 4218 Hercules,
924 4155 1306 4209 immormlitutemounlerre:
1333 4155 1438 4224 uinque
