3220 5128
563 535 798 605 centvm.
825 535 931 603 scr.
957 537 999 602 v.
1240 535 1309 630 275

396 662 498 727 Ferus
516 671 549 726 ct
565 681 697 744 manes,
719 680 813 741 ecce,
834 671 1002 751 tyrannos

397 767 488 857 Quid
503 768 573 861 jam
595 767 717 836 frustra
735 766 922 836 miseranda
944 767 1082 836 moror?
1272 790 1312 840 st·

397 879 517 972 Rapite
533 875 576 948 nd
593 876 713 961 letum,
732 875 826 970 queis
840 877 895 969 jus
911 878 945 944 in
962 901 1025 946 nos

398 989 545 1055 Fortuna
562 984 653 1056 dedit
669 1011 677 1054 ε
695 999 799 1054 testor
814 989 986 1080 Superos..
1002 1039 1011 1055 .
1025 1038 1034 1054 .
1050 1037 1058 1054 .

399 1094 493 1184 Quid
513 1096 605 1190 agis,
624 1094 783 1166 demensi
798 1121 897 1190 parce
919 1099 1071 1191 precari,

397 1204 504 1294 Qucis
526 1204 704 1289 invisses,
726 1205 866 1274 numina
886 1203 1025 1276 Divdsn.

397 1317 537 1382 Tartara
561 1326 681 1400 testor,
697 1314 865 1410 Erebique
884 1319 973 1388 Deus

399 1419 566 1491 Scelerum
585 1421 740 1511 ultrices,
758 1440 793 1494 et
809 1440 858 1513 te,
877 1425 1037 1520 genitor,·

399 1531 549 1624 Dignum
572 1530 629 1601 tnli
648 1549 755 1602 morte
772 1549 806 1604 et
825 1560 944 1630 poenn:

399 1640 477 1709 Non
499 1642 604 1710 invisa
623 1657 672 1711 est
693 1667 783 1713 mors
801 1645 864 1714 ists
881 1647 975 1718 mibi.

399 1754 537 1820 Armate
559 1766 684 1840 ratem,
703 1753 779 1826 date
799 1753 872 1828 vela
891 1754 1000 1844 frede,

399 1862 583 1954 Ventisqne
601 1876 693 1955 petet
709 1863 833 1959 puppis
850 1881 961 1936 rector

400 1969 605 2040 Pandateriae
625 1971 723 2042 litora
741 1987 847 2044 terrae.

400 2105 506 2151 ouon.
528 2083 636 2154 Lenes
656 2109 764 2171 aure,
780 2086 989 2180 Zephyrique
1008 2085 1114 2168 leves,

400 2193 534 2260 Tectam
556 2192 727 2285 quondum
747 2195 838 2263 nube
856 2193 997 2263 oethereu

403 2303 472 2394 Qui
490 2301 623 2371 vexistis
640 2317 769 2398 raptam
789 2329 879 2374 saevae

259 2469 324 2508 scre
350 2451 472 2521 sangnis,
487 2448 589 2505 tardius
612 2451 765 2516 isbebstnr,
852 2449 918 2520 963.
943 2449 1012 2520 erd
1023 2453 1085 2519 agis.
1101 2440 1192 2516 Quum
1205 2469 1266 2523 snp.
1277 2471 1317 2510 rs.

258 2529 411 2604 preferridi
420 2529 510 2584 bslnei
522 2546 620 2600 rspore
629 2541 765 2584 enecatum
811 2547 846 2600 91
854 2549 878 2594 r,
886 2528 984 2584 dixerit
993 2531 1111 2601 Superos
1122 2547 1175 2583 non
1187 2547 1259 2596 esse,
1269 2552 1317 2590 nec

258 2610 420 2681 additurque
434 2607 549 2661 atrocior
561 2609 676 2667 sevitie,
692 2607 765 2682 qnod
808 2628 901 2663 curare
911 2609 1036 2680 pietatem
1047 2608 1167 2662 nurnine.

260 2701 340 2761 capnt
351 2698 515 2760 amputatum
525 2687 661 2760 letumque
673 2690 701 2742 in
715 2689 767 2742 Ur·
852 2691 917 2759 967.
935 2690 1043 2758 Dignum
1054 2689 1100 2741 tali
1111 2700 1194 2740 morte.
1205 2691 1317 2743 Veneno

261 2771 322 2822 bens
341 2769 455 2841 Poppae
471 2765 548 2820 vidit.
559 2791 570 2813 ι
594 2769 634 2821 De
658 2768 768 2823 Octsvis
811 2768 942 2839 exstingui
950 2769 984 2822 sb
991 2768 1151 2840 Agrippina,
1167 2767 1238 2840 quod
1249 2769 1319 2823 Mes·

260 2849 380 2919 accipio,
400 2845 473 2920 qnod
492 2845 675 2918 Nicephorus,
700 2847 766 2902 Hist.
811 2848 919 2901 sslinsm
939 2848 1053 2900 interfici
1073 2849 1203 2918 jussores,
1219 2847 1318 2920 Agrip·

260 2927 332 2982 Eccl.
347 2928 365 2980 l.
375 2928 450 2990 lI,c.
461 2927 507 2996 37,
518 2927 619 2992 scribit,
631 2926 765 2980 Neronem
811 2927 903 2998 pinsm
917 2925 1037 2980 duxeras.
1059 2925 1132 2981 Illusl
1145 2939 1183 2980 est
1199 2927 1317 2980 Octavius

261 3025 293 3061 eo
307 3005 467 3060 crudelitatis
480 3006 652 3075 processisse,
669 3019 700 3059 nt
712 3025 768 3060 ms·
811 3025 871 3077 erga
883 3007 1056 3077 Agrippinam
1068 3004 1177 3071 odium,
1193 3018 1223 3058 ut
1235 3007 1318 3078 putris

264 3099 344 3150 trem,
359 3086 467 3139 fratrem
486 3095 513 3137 et
534 3086 673 3156 conjugem
695 3086 766 3139 l'erro
810 3086 853 3138 sui
874 3098 987 3138 mortem
1009 3087 1065 3139 lere
1093 3085 1238 3155 approbet,
1261 3098 1320 3138 ten·

261 3165 412 3219 sustulerit:
429 3183 490 3217 nem
507 3164 650 3237 Poppesm
668 3165 766 3218 insitus
811 3183 890 3236 qnam
912 3164 1032 3238 meritum
1053 3163 1171 3235 conjugii
1194 3181 1255 3216 cum
1273 3164 1319 3218 tsli

263 3243 561 3298 calceamentum.
811 3243 909 3297 femine
924 3243 983 3295 initi
999 3261 1113 3313 pmnsm.
1305 3249 1309 3262 '

305 3327 372 3393 962.
395 3322 498 3392 Superos
500 3359 577 3377 .....
597 3321 667 3391 Quid
688 3325 767 3392 agis?
854 3325 920 3392 968.
944 3322 1015 3375 Mors
1037 3325 1093 3374 istc.
1125 3319 1174 3383 td,
1198 3319 1271 3390 qnod
1289 3335 1319 3376 tu

263 3403 376 3473 Elegsns
388 3401 555 3473 sposiopesis.
576 3401 610 3454 llt
623 3413 729 3454 revocet
741 3401 770 3453 in
813 3401 878 3454 mihi
889 3419 1036 3474 preparas,
1048 3401 1141 3454 mortis
1152 3417 1246 3471 genus.
1254 3401 1318 3456 vid.

263 3480 419 3536 memorium
433 3497 491 3551 quse
508 3478 572 3532 dicit
586 3481 667 3542 Juoo,
680 3481 770 3532 lurore
813 3499 851 3535 rs.
865 3500 922 3553 sqq.

265 3559 366 3633 pariter
375 3576 499 3623 accensu,
510 3559 585 3628 virg.
596 3556 769 3623 mucidvtt,
854 3563 919 3630 969.
930 3559 1039 3613 Amas..
1048 3558 1231 3612 Instruite.-
1243 3557 1318 3626 Date,

266 3641 322 3698 312
333 3657 340 3691 :
353 3637 489 3690 nFlectere
498 3637 520 3689 si
531 3655 634 3708 nequeo
646 3637 771 3708 Superos.
813 3638 981 3692 committite.

265 3719 418 3772 Acheronte
433 3716 577 3770 movebo.-
601 3714 653 3770 Sed
666 3714 770 3768 domin
855 3735 923 3787 97¹·
937 3717 1103 3770 Pandataria.
1115 3717 1205 3770 Insula
1218 3731 1273 3783 est,
1288 3730 1318 3771 ut

265 3798 389 3868 Virgilio,
402 3797 458 3850 Des
470 3795 615 3848 inferorum
629 3797 771 3850 numinum
813 3799 868 3868 jsm
886 3815 981 3868 cupre,
997 3815 1036 3851 rs.
1053 3795 1124 3868 875,
1141 3795 1273 3862 diximus,
1291 3799 1323 3851 in

266 3877 409 3947 potentiam
425 3874 614 3928 vindictaesure
629 3876 694 3936 velit
707 3894 770 3928 con·
815 3875 948 3947 Tyrrheni
982 3876 1062 3930 maris
1093 3876 1153 3928 sinn
1182 3877 1319 3930 Csietnno.

265 3969 400 4020 socratem,
414 3955 458 4008 hio
467 3955 646 4010 Octsrisrult
655 3967 772 4009 tantum·
815 3955 1081 4020 Vocstl'tolemssus,
1093 3954 1141 4008 lils.
1155 3956 1196 4007 111
1206 3993 1215 4019 ‚
1225 3972 1282 4024 esp.
1293 3973 1322 4020 r,

267 4035 347 4088 modo
360 4034 507 4090 remedium
527 4035 578 4090 sibi
594 4036 670 4091 melis
688 4047 715 4088 et
729 4053 772 4089 ex·
817 4035 968 4088 Pandateria
975 4055 986 4098 ,·
1001 4048 1027 4088 et
1041 4046 1081 4089 est
1095 4031 1177 4086 hodie
1190 4033 1321 4087 Pardua.

266 4127 356 4168 treme
371 4115 483 4170 miserie
504 4133 553 4187 per
573 4129 686 4170 mortem
701 4115 772 4170 inre-
816 4113 1032 4169 Viddnisnsdr.

267 4193 329 4247 uiri.
859 4201 924 4266 974.
940 4193 1017 4250 sm
1034 4194 1144 4262 virginis.
1156 4189 1256 4256 Dieuc,
1268 4209 1327 4263 quse

1150 4279 1208 4349 18²
