3130 5118
273 535 553 606 HERCULES
578 535 794 606 OETAEUS.
819 538 928 608 ACT.
953 541 1016 610 IV.
1130 537 1178 638 95

23 665 24 676 ¹
92 721 96 734 ,
160 662 374 753 «Τενωεφιε
395 673 428 727 et
447 657 604 744 umbras,
621 656 698 728 finis
719 673 888 732 extremus
906 661 1016 732 datur.
1033 693 1050 728 s

162 769 216 840 Nil
233 771 405 864 querimur
420 767 509 836 ultra
527 793 535 836 :
556 767 668 837 decuit
689 767 782 838 hunc
800 769 1014 860 finenem,

164 883 214 950 Ne
232 881 308 974 quis
330 892 498 972 superstes
515 876 671 948 Herculis
688 879 796 949 victor
816 877 913 951 foret.

162 991 260 1062 Nunc
273 977 363 1059 mors
382 988 511 1083 legatur
524 986 629 1072 claro,
645 989 872 1077 memoranda,
892 991 1032 1088 inclyta,

161 1103 216 1170 Mc
231 1101 331 1195 digna
349 1124 510 1195 prorsus:
525 1097 673 1168 nobilem
690 1100 782 1169 hunc
802 1099 919 1170 faciam
937 1103 1034 1174 diem.

160 1211 317 1282 Caedatur
335 1210 443 1280 omnis
461 1207 560 1298 silva,
578 1223 611 1278 et
628 1213 784 1280 OEtaeom
805 1237 921 1282 nemus

161 1322 338 1415 'Concipiet
356 1322 458 1416 ignes.
475 1317 652 1390 Herculem
670 1313 812 1415 accipiat
833 1345 944 1418 rogus.

156 1431 222 1503 Sed
241 1444 501 1515 calamonem,
524 1444 561 1498 tu
583 1453 689 1523 genus
710 1431 920 1517 Poeantium,

160 1546 231 1612 Hoc
247 1543 342 1611 triste
356 1540 470 1628 nobis,
483 1539 632 1634 juvenis,
656 1539 805 1609 officium
824 1564 958 1634 appara.

159 1651 322 1722 Herculea
339 1663 449 1720 totum
469 1649 603 1733 flamma
622 1648 801 1719 succendat
816 1649 916 1718 diem.

158 1763 208 1833 Ad
229 1778 263 1832 te
281 1786 393 1857 preces
410 1786 518 1848 nunc,
535 1757 651 1855 Hylle,
667 1781 839 1854 supremas
854 1759 935 1830 fero.

158 1875 218 1943 Est
235 1871 324 1944 clara
344 1886 458 1968 captas
477 1873 577 1958 inter,
598 1870 633 1938 in
651 1869 747 1940 vultu
770 1895 875 1966 genus

158 1994 383 2084 Regnumque
402 1986 566 2072 referens,
585 1987 712 2080 Euryto
731 1987 827 2082 virgo
849 1985 957 2074 edita,

157 2099 228 2169 Iole
245 2125 253 2167 τ
277 2098 344 2168 tuis
361 2097 449 2166 hane
464 2095 595 2166 'facibus
615 2111 649 2165 et
666 2095 820 2166 thalamis
845 2119 935 2191 para.

157 2211 276 2279 Victor
293 2221 453 2277 cruentus
474 2203 594 2275 abstuli
614 2206 775 2300 patriam,
796 2207 898 2292 lares,

156 2317 319 2412 Nihilque
334 2316 462 2385 miserae
480 2327 600 2410 praeter
620 2315 759 2385 Alciden
780 2315 876 2403 dedi3

157 2431 200 2498 Et
221 2429 283 2496 iste
306 2427 461 2520 rapitur:
483 2441 601 2520 penset
621 2446 785 2494 aerumnas
805 2448 902 2494 suas:

155 2537 248 2607 lovis
266 2550 423 2630 nepotem
442 2535 569 2622 foveat,
588 2549 621 2603 et
641 2549 755 2602 natum
776 2521 937 2604 Herculis.

156 2648 234 2717 Tibi
254 2644 312 2716 illa
331 2648 460 2741 pariat,
476 2641 642 2741 quidquid
657 2669 699 2713 ex
719 2645 816 2714 nobis
834 2644 944 2714 habet.

153 2763 276 2853 Tuque
298 2759 369 2851 ipsa
389 2755 542 2850 planctus
558 2780 646 2850 pone
668 2754 986 2850 funere0s‚'precor‚

155 2875 187 2942 Ο
206 2868 298 2938 clara
317 2867 486 2962 genitrix:
509 2864 592 2934 vivit
608 2863 741 2934 Alcides
759 2877 847 2934 tuus.

154 2981 295 3050 Virtute
315 2992 430 3046 nostra
454 2974 603 3071 pellicem
624 2971 687 3044 leci
708 2991 801 3045 tuam

155 3090 260 3162 Credi
276 3111 476 3172 novercam:
497 3087 565 3156 sive
581 3101 735 3158 nascente
753 3085 897 3158 Hercule
963 3157 965 3161 ,
1130 3110 1181 3146 1⁵0⁰
1264 3141 1269 3154 ,

151 3305 237 3368 ι481.
255 3301 377 3370 legatur,
403 3309 557 3370 apparetur,
581 3298 625 3352 vel
713 3301 1178 3370 1492.Victororirentusabsruli.etc:

113 3395 281 3445 memoretur,
294 3379 471 3433 describatur.
667 3381 772 3433 Patrem
785 3381 855 3434 illios
866 3393 892 3433 rt
903 3379 995 3434 fratrea
1006 3379 1179 3438 interficient.

147 3463 233 3526 ¹⁴84·
243 3459 372 3530 &eripiat
383 3463 458 3530 ignes.
467 3457 547 3512 Ovid.
558 3459 622 3511 Met.
711 3460 797 3529 1495.
811 3457 927 3530 Nepotem
938 3461 1020 3526 Iovis,
1037 3471 1073 3515 te.

112 3540 198 3608 tete
213 3560 220 3594 :
236 3567 248 3590 ι
260 3539 313 3594 Sed
326 3539 433 3603 timuit,
450 3557 484 3592 ne
499 3538 567 3591 forte
583 3555 622 3590 so·
711 3543 794 3607 1496.
812 3541 871 3593 Tibi
881 3539 925 3593 itta
939 3545 1039 3609 portat,
1053 3555 1103 3598 etc.
1115 3541 1179 3596 Sen-

112 3637 153 3674 oer
164 3633 206 3675 tot
220 3621 255 3674 nb
268 3619 376 3691 ignibus
392 3619 475 3672 uther
493 3617 625 3689 Concipe·
666 3633 711 3673 'sus
722 3636 777 3673 etse
788 3619 905 3675 videtur:
917 3619 961 3674 ¹·Si
973 3637 1053 3692 quem
1065 3639 1178 3694 puerum

112 3714 149 3754 ret
161 3701 298 3768 domun,
315 3700 462 3771 longusque
475 3697 625 3752 ardesceret
667 3711 700 3752 ex
710 3717 753 3752 me
764 3699 855 3765 habet,
869 3700 892 3754 it
904 3701 939 3754 nit
952 3713 1013 3755 tuno
1027 3701 1112 3766 filiun
1128 3702 1180 3756 sic·

113 3781 164 3835 ub
289 3801 293 3811 r
668 3791 721 3850 que
731 3779 777 3832 llln
790 3777 839 3833 tibl
852 3780 970 3851 pariat..

150 3860 284 3926 1485.1G.
293 3859 438 3912 Poeantium.
452 3857 625 3912 Philoctetes.
712 3863 797 3930 1498.
810 3859 931 3927 Oetam,
943 3873 994 3918 etc.
1006 3855 1073 3917 Vid.
1085 3863 1178 3918 Anim.
1263 3857 1272 3876 ’

23 4005 24 4016 ¹
150 3945 236 4006 1486.
259 3939 357 4001 Μὴ,
377 3939 506 4004 firnebre,
526 3951 556 3992 ut
573 3955 625 4009 py·
709 3945 798 4012 1699.
821 3939 925 3994 Ἀνίητα.
942 3939 1123 4014 Approbando
1138 3957 1181 3995 me

23 4019 25 4058 t
111 4035 165 4074 nm
179 4029 625 4092 exstruatetrogocorpnerepu·
669 4035 702 4072 ex
715 4031 847 4074 temtum
862 4021 938 4074 Jovis
954 4041 1009 4075 esse
1024 4021 1109 4075 lilium
1122 4039 1180 4074 ma·

111 4113 162 4154 ut.
172 4101 252 4172 Virg.
266 4100 327 4154 AEn.
337 4098 393 4164 vl,
410 4100 474 4154 aad.
670 4098 710 4170 gis
726 4100 889 4171 ingenuum,
906 4119 985 4172 quam
1002 4119 1070 4172 quor
1083 4119 1116 4155 ex
1130 4096 1180 4153 lo·

152 4181 240 4248 1489.
253 4180 366 4250 Euryto,
381 4197 443 4249 rege
455 4177 605 4233 oechaliae.
671 4195 742 4233 none
751 4181 856 4252 genuit:
870 4199 933 4234 mox
944 4201 982 4235 vs.
998 4181 1083 4249 1509.,
