3220 5128
466 533 696 606 ocTAvlt.
723 535 831 606 ACT.
855 536 904 605 ll.
1151 532 1218 620 245

200 657 363 724 Luoerata
381 652 499 726 toties!
524 653 603 744 Ille,
625 659 683 752 qui
702 658 825 728 meruit
842 657 898 752 piu

200 767 334 835 Virtute
351 763 487 853 celum,
509 769 618 838 Divus
635 773 823 864 Augustus,
842 769 931 836 viros
1183 786 1219 826 ⁵0⁵

199 877 293 964 Quot
312 875 482 946 interemit
499 875 651 966 nobiles,
665 878 822 972 juvenes,
840 901 952 963 senes,

199 985 340 1078 Sparsos
359 1010 418 1080 per
439 985 578 1071 orbem,
598 1013 702 1082 quum
723 1012 801 1058 suos
817 987 933 1056 mortis
951 1000 1042 1055 metu

199 1095 368 1188 Fugerent
385 1109 541 1190 penates,
561 1111 595 1166 et
613 1098 714 1168 trium
735 1097 859 1167 sermm
881 1095 1026 1183 ducum,

198 1203 328 1274 Tabula
346 1220 483 1276 notante
503 1204 633 1277 deditos
652 1207 740 1278 tristi
758 1205 849 1276 neci!

199 1314 360 1408 Exposita
377 1315 493 1384 rostris
510 1316 621 1412 cupita
638 1339 798 1386 cesorum
816 1329 927 1411 patres

197 1423 321 1494 Videre
340 1425 449 1496 moesti
467 1451 475 1494 :
493 1426 574 1496 llero
595 1452 656 1497 nec
675 1425 770 1498 licuit
788 1451 886 1512 suos,

199 1535 275 1605 Non
293 1559 442 1628 gemere,
458 1535 531 1607 dira
551 1537 627 1606 tabe
645 1535 777 1633 polluto
797 1535 891 1623 soro,

199 1643 353 1715 Stillante
369 1646 460 1714 sanir.
475 1672 535 1742 per
550 1661 665 1741 putres
683 1644 793 1716 vultus
810 1647 913 1740 gravi.

198 1758 270 1826 Neo
290 1753 367 1824 finis
384 1755 440 1825 hio
457 1756 587 1826 cruoris
604 1773 662 1828 aut
679 1756 778 1827 oaedis
800 1755 902 1826 stetit.

198 1867 323 1934 Pavore
345 1862 496 1936 volucres
518 1880 552 1935 et
571 1865 658 1936 feras
675 1891 776 1937 saevns
794 1865 854 1935 diu
1179 1889 1217 1927 ω

199 1973 323 2042 Tristes
339 1973 487 2069 Philippi
503 2001 510 2044 :
531 1975 644 2046 hausit
660 1990 694 2046 et
709 1975 859 2047 Siculum
877 1998 967 2042 mare

192 2155 257 2219 tot.
270 2153 317 2208 Ille
328 2160 370 2230 qui
384 2161 470 2211 mermt
486 2163 541 2231 pia.
556 2159 663 2214 Primus
707 2162 784 2232 cujus
804 2160 1003 2214 consecratione
1017 2157 1134 2213 diser-tim
1152 2163 1218 2216 Sue·

152 2235 307 2291 eliomsuis
322 2236 530 2310 imperatoribus
547 2239 576 2292 in
590 2241 662 2293 Deo·
708 2251 767 2294 ton.
781 2239 810 2293 in
824 2239 881 2293 Jul.
893 2238 959 2293 Cres.
968 2257 991 2292 c.
1004 2239 1051 2294 88.
1062 2239 1195 2295 Sonoen.

109 2385 111 2390 ,
152 2333 212 2368 rum
234 2334 376 2369 numerum
395 2317 494 2372 relstus
515 2319 661 2390 Angustus.
747 2319 811 2374 5⁰6.
833 2319 909 2390 Quot.
931 2318 1024 2383 Quum
1039 2320 1216 2391 proscriptio·

152 2393 240 2448 tiss.
255 2426 296 2437 —
313 2395 405 2450 Senes.
418 2395 452 2450 de
466 2397 551 2450 Clem.
564 2399 612 2452 lib.
628 2400 660 2450 1:
705 2417 783 2462 nem,
804 2397 848 2450 cui
864 2395 1020 2469 eliquundiu
1040 2397 1152 2464 restitit,
1175 2399 1216 2453 in·

155 2499 166 2521 ·
177 2473 240 2536 Heu
251 2477 385 2547 Angustus
398 2495 495 2540 senex,
506 2489 553 2530 unt
562 2479 617 2548 jum
631 2477 659 2529 in
704 2490 808 2552 oeptsm
820 2474 955 2530 crudelius
965 2476 1093 2529 exercuit.

151 2567 312 2609 senectutem
335 2555 412 2610 annis
428 2555 607 2628 vergentibus.
627 2557 659 2609 In
746 2557 810 2610 508.
834 2557 918 2609 Trium
933 2557 1029 2609 ducum.
1046 2555 1215 2610 Triumviro-

151 2632 327 2688 sdolesceutis
340 2635 430 2701 caluit,
441 2636 503 2690 ursit
515 2636 565 2700 ire,
576 2636 659 2691 mults
703 2655 775 2700 rum,
786 2633 896 2708 Lepidi,
913 2634 1038 2699 Antonii,
1057 2635 1172 2689 Octavii.

151 2713 215 2767 l'eeit
229 2711 449 2785 adquuinritos
463 2715 658 2769 oculosretor·
745 2715 808 2786 ⁵⁰9·
832 2715 937 2770 Tabula.
964 2715 1067 2768 Tebuls
1095 2713 1214 2770 dictante
1304 2759 1311 2767 .

151 2793 258 2864 quebst.
275 2820 287 2842 ι
311 2793 346 2846 Et
359 2795 441 2866 paulo
455 2807 534 2868 post:
555 2795 660 2850 eluerit
703 2795 875 2867 proscriptos.

150 2870 303 2926 moderatus
315 2885 341 2926 et
353 2874 484 2928 clemens:
495 2889 660 2948 nempepost
744 2875 809 2929 510.
827 2875 957 2945 Exposita.
978 2873 1118 2928 Senstores
1139 2873 1213 2928 ride·

151 2953 369 3006 msreAetiueum
381 2955 659 3008 llornunocruorein·
702 2968 765 3008 runt
784 2953 870 3025 sepite
890 2954 1042 3018 Ciceronis,
1068 2954 1098 3006 L.
1118 2953 1209 3018 Penii,

151 3031 267 3086 l'eotum:
288 3051 385 3104 nempe
394 3046 455 3105 post
465 3033 559 3088 fructus
574 3035 602 3087 in
618 3035 658 3088 Si·
701 3034 868 3108 aliorumque
881 3035 1021 3088 illustrium
1032 3032 1151 3086 virorum
1159 3073 1167 3098 ,
1181 3034 1210 3087 in

150 3110 212 3165 oilie
224 3112 331 3179 classes,
352 3125 378 3166 et
400 3133 474 3181 snus,
492 3125 518 3168 et
538 3114 655 3167 alienas:
702 3116 761 3168 foro
782 3115 860 3167 ullius
883 3125 1018 3186 suggesto,
1032 3110 1107 3184 quod
1121 3131 1152 3165 ex
1169 3131 1211 3166 ro-

150 3209 247 3264 nempe
257 3205 317 3263 post
328 3193 466 3248 Perusinus
476 3212 547 3259 eres,
561 3206 587 3246 et
596 3213 658 3265 pm·
701 3195 762 3247 stris
773 3193 879 3246 nuvium
888 3193 1037 3246 Antiatum.

149 3270 315 3342 scriptiones.
327 3297 339 3318 ι
356 3272 404 3325 llis
414 3271 492 3328 dictis
502 3291 574 3326 nunc
584 3273 656 3328 Nero
742 3273 809 3328 513.
821 3272 908 3336 Gravi,
919 3283 1055 3343 corrupte,
1066 3269 1209 3338 honeudu,

150 3352 277 3405 Seuerum
298 3349 416 3417 insedit,
434 3353 545 3424 proprio
564 3352 656 3419 illum,
699 3351 862 3406 detestsndu.

149 3427 225 3502 quod
247 3427 300 3482 dici
318 3429 399 3494 solet,
416 3429 505 3502 gladio
522 3454 529 3482 z
546 3445 657 3504 propter
741 3427 1208 3502 514.Hic.Estquusisdrerb.loeir

149 3509 207 3562 luec
222 3519 248 3560 et
263 3508 367 3566 similis,
380 3510 513 3563 Ausonius
531 3511 568 3564 sit
582 3510 657 3564 illum
703 3523 759 3564 tum
774 3529 856 3582 quum
871 3509 994 3564 sevirent
1008 3523 1062 3562 tres
1076 3509 1136 3563 riri.

149 3586 276 3643 servitium
294 3587 408 3641 Neronis
430 3606 550 3643 armasse.
569 3589 656 3645 Dm.
743 3588 1209 3645 515.Paosrs.Csdeverib'nsllornu·

150 3667 329 3734 -Qnodbic
343 3667 588 3733 Furnubiusnotut,
602 3669 658 3742 pri·
702 3687 798 3722 norum
817 3687 944 3724 cesorum
968 3671 997 3723 iu
1025 3669 1126 3740 oumpis
1146 3668 1210 3723 Phi·

152 3766 225 3802 mum
240 3747 391 3820 Angustum
406 3767 420 3800 e
433 3747 561 3802 llomsnis
573 3747 658 3820 irnpe-
701 3747 808 3821 lippiois
821 3749 850 3801 in
863 3749 1016 3804 Msuedonie
1026 3788 1035 3814 ,
1046 3748 1094 3802 ubi
1106 3767 1210 3822 pugne·

151 3825 285 3881 rstorilsus
311 3827 339 3881 in
369 3828 486 3881 Deorum
515 3847 658 3882 numerum
703 3840 760 3881 turn
774 3829 808 3882 sl)
819 3827 929 3882 Octuvio
945 3841 972 3882 et
981 3828 1100 3884 Antonio
1116 3841 1210 3884 eontra

151 3907 263 3960 relsturn
276 3925 440 3974 esse‚rsruur
451 3920 504 3972 est,
517 3907 539 3962 si
550 3906 659 3982 quidem
702 3909 813 3963 Brutum
825 3919 851 3960 et
862 3908 989 3963 Cestium.

153 4004 166 4039 u
182 3987 199 4040 J
202 3987 256 4040 ulio
267 3987 369 4042 Cesure
379 3983 545 4054 discesseris,
562 3989 608 4060 qui
620 3999 659 4041 ts·
744 3988 809 4043 516.
825 3987 916 4042 Tristes
927 3987 1043 4060 Philippi.
1053 3987 1129 4058 Virg.
1139 3985 1173 4040 G.
1184 3985 1209 4051 1.

153 4085 214 4120 meu
234 4085 386 4138 prenomen
405 4067 572 4140 imperatoris
586 4085 659 4123 rece·
705 4074 757 4139 491
780 4085 788 4122 t
812 4093 824 4116 ι
840 4069 911 4140 Ergo
932 4067 1003 4121 inter
1023 4085 1079 4120 sese
1098 4065 1208 4137 peribus
1234 4081 1239 4091 ·

151 4147 199 4216 pit,
214 4143 321 4200 Sueton.
336 4147 364 4200 in
375 4147 429 4202 sut.
444 4149 509 4202 Ces.
526 4151 573 4220 76,
585 4161 612 4202 et
625 4147 660 4202 de
703 4165 860 4204 oonourrere
869 4147 928 4201 telis
938 4147 1070 4200 llorusuus
1079 4144 1148 4198 scies
1158 4144 1211 4197 ite·

1030 4239 1088 4310 16³
