3220 5128
482 517 725 589 OCTAVlll.
752 518 860 589 ACT.
888 515 914 588 l.
1156 517 1226 590 aab

208 649 388 741 Capaxque
407 639 589 727 scelerum,
604 642 677 711 dira
695 643 750 712 cui
768 641 912 736 genitrix
930 639 1037 712 facem

208 754 393 840 Accendit,
410 767 443 824 et
460 768 493 822 te
510 753 628 847 junxit.
640 755 778 824 invitam
796 751 905 844 metu}

209 871 385 960 Tantaque
405 863 523 932 victrix
542 863 630 932 facta
648 888 802 934 successu
818 863 926 948 ferox,

209 980 301 1046 Ausa
320 974 493 1042 imminere
513 987 563 1042 est
578 973 669 1044 orbis
685 975 830 1071 imperio
851 973 945 1042 sacri.

210 1083 297 1173 Quis
315 1097 366 1151 tot
383 1081 506 1152 referre
523 1081 712 1152 facinorum
728 1083 853 1152 formas
872 1097 1000 1176 potest,

210 1196 254 1262 Et
271 1217 348 1287 apes
367 1191 527 1265 nefandas
549 1192 701 1280 seminar,
720 1207 754 1262 et
770 1191 911 1262 blandos
926 1191 1022 1262 dolos

210 1306 366 1396 Regnum
385 1302 528 1395 petentis
550 1327 611 1396 per
633 1301 773 1397 gradum
792 1301 956 1371 scelerum
974 1302 1150 1373 omnium?

212 1415 309 1482 Tunc
327 1426 440 1480 sancta
454 1411 564 1481 Pietas
579 1412 861 1508 extulit'trepidos
877 1413 1016 1508 gradus,
1196 1434 1234 1474 ιθ·

212 1525 429 1617 vacuamque
447 1523 592 1618 Erinnys
609 1548 695 1592 saeva
712 1523 844 1592 funesto
865 1522 948 1617 pede
1078 1537 1081 1544 '

212 1633 358 1704 Intravit
374 1630 504 1720 aulam;
526 1631 648 1729 polluit
664 1633 780 1727 Stygia
797 1631 869 1702 lace

212 1746 331 1813 Sacros
350 1757 504 1837 penates3
518 1743 597 1836 jura
617 1745 754 1814 Naturae
775 1743 890 1812 surena

212 1858 343 1948 Fasque
364 1876 463 1920 omne
481 1853 590 1948 rupit;
617 1855 752 1924 miscuit
769 1854 893 1946 conjux
911 1852 984 1928 viro

212 1963 353 2032 Venena
370 1987 475 2047 saeva,
494 1962 613 2034 cecidit
635 1979 735 2059 atque
754 1963 869 2034 cadem
892 1963 943 2032 sui

212 2077 295 2144 Mox
312 2070 433 2142 scelere
455 2074 522 2141 nati
542 2099 550 2142 :
572 2088 610 2143 tu
627 2075 761 2170 quoque
780 2076 961 2144 exstinctus
974 2073 1065 2166 jaces

213 2186 378 2257 Defleude
396 2187 493 2256 nobis
512 2167 659 2284 serirper,
677 2188 791 2258 infelix
813 2213 915 2283 puer,

215 2297 321 2368 Modo
340 2297 430 2368 sidus
446 2298 555 2384 orbis,
577 2297 734 2368 columen
753 2304 911 2392 Augustae
929 2295 1066 2383 domus,

212 2406 419 2491 Britannice,
437 2406 502 2476 heu
519 2404 592 2476 me!
613 2433 704 2478 nunc
722 2406 804 2477 levis
823 2419 956 2475 tantum
975 2405 1078 2493 cinis,

209 2573 275 2628 153.
286 2573 350 2625 Dim
361 2575 408 2625 cui.
417 2570 480 2628 vid.
491 2571 564 2626 Med.
576 2591 614 2626 ve.
632 2572 675 2626 15.
723 2571 818 2624 Annal.
835 2571 921 2636 xm,
934 2587 1008 2624 xm:
1026 2592 1038 2615 ι
1047 2572 1119 2625 Tum
1140 2573 1236 2646 Agrip-

209 2651 275 2708 156.
297 2651 372 2708 Orbis
391 2654 490 2723 imperio
504 2656 576 2707 amri.
599 2652 678 2707 Sacer
722 2653 823 2723 pina...
840 2669 920 2706 cuum
939 2651 1093 2706 cubiculum
1105 2653 1234 2708 aoainum

166 2733 242 2787 orbia
255 2743 311 2797 eat,
330 2731 377 2804 qui
391 2749 465 2786 aacra
480 2750 562 2786 manu
580 2733 678 2804 guber·
722 2731 837 2797 offerre,
847 2729 1020 2803 contegendis
1031 2750 1091 2804 qua
1101 2733 1190 2805 prima
1201 2753 1234 2788 ae·

166 2825 259 2878 nature
275 2829 356 2884 quam
365 2808 498 2884 quidquid
506 2811 680 2884 contingeret,
723 2823 764 2866 tac
775 2823 801 2866 et
814 2829 916 2865 summa
928 2811 1034 2866 fortuna
1046 2826 1230 2884 expeterent.»

165 2911 262 2945 meram
280 2901 308 2945 et
326 2891 433 2944 divinam
453 2890 602 2946 dicebatur.
766 2892 833 2946 168.
854 2889 928 2944 Sidus
951 2891 1025 2944 orta.
1050 2892 1231 2948 Posidonius:

211 2974 276 3026 160.
300 2970 326 3023 Τ
324 2989 379 3025 uae.
395 2970 513 3037 Quando
530 2971 678 3044 Agrippina
724 2965 805 3032 Oia-de
815 2990 853 3024 τοι
867 2961 976 3042 ῥόμηςὸ
988 2974 1067 3042 μίγα
1083 2971 1134 3035 Eira
1145 2973 1237 3044 recepi·

168 3051 291 3105 intravit.
597 3083 600 3088 ·
723 3048 767 3112 dcc
784 3052 864 3120 dcc-lp
885 3051 1028 3122 Μάρυλλος
1042 3059 1139 3105 nerana
1151 3059 1236 3105 Κλαυ-

215 3133 282 3185 161.
296 3130 415 3200 Erinnys.
430 3130 562 3202 Megaera,
579 3129 681 3185 diacor-
723 3125 778 3186 dicu
799 3133 827 3184 la
853 3131 977 3202 πατέρων.
1007 3155 1020 3178 ι
1036 3128 1166 3184 Claudiua
1191 3131 1236 3184 hic

168 3208 227 3265 dia.
240 3208 339 3282 Agara.
350 3227 391 3263 va.
406 3211 453 3268 83.
472 3223 499 3264 et
509 3228 570 3281 aup.
583 3229 621 3264 va
634 3218 681 3276 ¹4·
724 3211 816 3264 Romae
829 3207 965 3280 quondam
980 3209 1152 3263 memorabile
1162 3208 1236 3262 aidna

214 3289 551 3362 162.Aulurra,Angnatam
559 3289 679 3344 domurn.
724 3289 868 3343 Marcellus
878 3327 886 3354 ,
897 3301 1003 3360 patrum
1016 3289 1100 3359 atirpe
1110 3301 1237 3343 eatuavc·

169 3369 521 3442 -Pcllar'aSciLEriarya
724 3383 849 3422 aarum·
889 3368 1041 3424 Commeat.
1066 3369 1184 3440 antiquie
1206 3369 1235 3422 in

213 3448 280 3502 1⁶³.
302 3449 367 3502 ,ἵνα
378 3449 491 3503 Natura.
512 3447 582 3502 Nam
592 3449 680 3519 patrui
724 3449 741 3501 J
743 3467 821 3502 areu.
830 3447 1078 3520 Sut.1,71,legitur,
1085 3449 1236 3517 Locuatarn,

169 3527 274 3598 nuptiis
282 3527 316 3581 ad
322 3545 404 3582 omne
413 3528 543 3600 flagitium
549 3528 682 3593 exercita,
724 3528 843 3581 nobilem
859 3527 1024 3592 veneficam,
1042 3547 1058 3582 a
1074 3529 1182 3583 Nerone
1193 3530 1236 3583 iu·

169 3605 272 3662 ardore
281 3607 429 3663 utinendu
440 3609 582 3680 potentiae,
595 3625 628 3661 eo
637 3625 682 3659 ua·
724 3607 852 3678 crepitarn
863 3647 871 3672 ‚
885 3607 958 3680 quod
968 3607 1123 3663 Britannico
1134 3609 1236 3663 lentum

170 3705 223 3759 que
237 3687 412 3741 immanitatis
425 3699 551 3761 provecta
566 3686 637 3752 fuit,
651 3699 681 3740 ut
725 3699 1005 3756 venenumparaaeet‚
1018 3699 1073 3741 tam
1089 3687 1238 3742 efficaxdo
1280 3727 1284 3740 .

171 3783 199 3819 ae
214 3768 363 3822 temulento
381 3767 439 3820 lilio
463 3779 580 3821 conatam
600 3763 681 3820 etad
724 3764 810 3831 dicae,
845 3778 875 3819 ut
900 3779 1043 3839 antequam
1066 3766 1236 3822 Britannicae

171 3845 302 3900 incertum
326 3858 447 3919 paratam
476 3845 622 3911 obmleria3
654 3856 682 3898 et
724 3845 851 3916 poculum
874 3845 1040 3913 exhauriret,
1060 3847 1089 3900 iu
1112 3847 1236 3901 convivio

171 3927 344 3981 commiscum
365 3925 487 3991 faciunt,
509 3926 560 3980 uici
575 3925 682 3980 Senecae
725 3925 840 3979 Neronia
852 3925 1019 3997 empirei-et:
1034 3925 1135 3998 quade
1151 3945 1183 3979 re
1202 3927 1237 3980 ci·

172 4017 230 4059 artu
244 4004 398 4078 diajectnm,
413 4005 514 4072 suimet,
529 4018 560 4060 ut
572 4023 604 4059 ea
617 4005 682 4059 Clu·
726 4017 799 4059 tatur
823 4004 924 4059 ibidem
946 4006 1126 4078 fragmentum
1149 4006 1236 4058 Turni

172 4083 217 4138 aio
230 4099 258 4140 et
269 4085 387 4151 euteria,
400 4105 455 4140 uuo
473 4085 557 4139 Fabio
572 4085 681 4140 Raetico
726 4085 843 4151 Arnnci,
855 4085 1000 4152 exsatiria,
1011 4083 1085 4156 quod
1094 4086 1131 4138 ita
1143 4102 1237 4137 recen-

173 4160 334 4232 dissidente,
352 4167 459 4220 Tacitus
477 4177 681 4228 commemorat,
726 4183 792 4218 aco:
812 4190 823 4211 ι
839 4165 873 4216 Et
900 4183 959 4236 quae
986 4165 1117 4219 caecamur
1131 4163 1235 4216 aobclea
