3130 5108
295 551 569 623 HERCULES
593 553 798 622 OETAEUS.
825 555 933 624 Act.
959 557 1009 624 ΙΙ.
1141 554 1187 650 39

165 678 245 746 Non
263 692 340 746 ante
356 692 461 747 vestes
479 676 597 746 induet
614 676 757 769 conjux,
772 675 876 770 jube,

166 788 282 877 Quem
299 801 372 856 ture
392 788 544 858 flammas
564 802 699 883 paseat,
714 802 748 856 et
768 786 876 882 placet
892 792 998 878 Deos,

166 899 263 966 cana
279 897 442 993 rigentem
467 897 595 993 populo
616 900 744 967 cinctus
765 923 906 969 comam.

168 1011 247 1100 Ipsa
268 1007 301 1074 in
320 1022 456 1102 penates
474 1009 583 1103 regios
604 1033 734 1102 gressus
750 1007 871 1093 feram,

167 1118 396 1212 Precibusque
413 1120 547 1190 Amoris
564 1119 692 1188 horridi
711 1133 852 1188 matrem
870 1118 988 1190 colam.

167 1231 258 1316 Vos,
274 1254 355 1323 quas
373 1231 519 1327 paternis
536 1229 638 1299 extuli
656 1230 792 1300 comites
809 1230 913 1315 locis,

166 1337 372 1434 Calydoniae,
396 1338 513 1408 deflete
530 1339 709 1435 lugendam
727 1340 844 1409 vicem.

198 1583 413 1653 CHORUS
447 1585 758 1654 AETOLARUM
791 1585 1096 1654 MULIERUM.

267 1802 400 1874 Flemus
417 1827 530 1891 casus,
550 1804 677 1888 (Ἐπεὶ,
696 1818 785 1890 tuos,

267 1913 438 1984 Comitum
459 1915 589 2008 primos
607 1913 704 1982 turba
727 1937 931 2008 perennes:

268 2023 399 2093 Flemus
418 2023 555 2112 dubios,
573 2023 778 2110 venerande,
797 2040 899 2094 toros.

266 2136 338 2205 Nos
359 2132 626 2204 Acheloi-tecum
646 2131 752 2203 solitae

265 2241 401 2314 Pulsare
417 2242 563 2332 vadum,
581 2269 686 2338 quum
703 2241 772 2336 jam
790 2241 937 2312 tumidas

264 2355 358 2432 ,Vere
374 2367 509 2446 peraeto
523 2368 664 2448 poneret
681 2352 806 2440 undas,

265 2461 477 2558 Gracilisque
492 2463 599 2558 gradu
616 2477 764 2557 serperet
784 2484 895 2554 equo,
953 2453 957 2460 ’

158 2677 229 2748 57⁸.
252 2675 339 2742 Ceno,
354 2677 413 2730 elba
427 2676 538 2748 populo.
553 2675 632 2730 llere.
675 2674 724 2728 He
745 2686 807 2728 onte
824 2691 918 2728 omnes
941 2672 1056 2730 domina
1079 2692 1189 2732 renue·

120 2757 180 2812 Fur.
194 2761 271 2826 89&
280 2756 355 2828 Virg.
367 2757 458 2819 Flore,
468 2776 497 2826 p.
509 2775 611 2809 uxxxtr.
676 2756 777 2808 tionem
789 2753 896 2808 debent.

158 2837 396 2908 582.Calydonlae‚
408 2834 544 2890 AEtolides.
556 2836 633 2906 Coly-
719 2833 783 2889 586.
801 2834 913 2888 Acheloi.
928 2834 974 2885 Vr.
993 2839 1044 2886 loo
1059 2846 1085 2887 et
1101 2840 1168 2904 496.

121 2915 171 2970 don
183 2918 259 2971 enim
270 2917 342 2988 regia
355 2918 504 2970 AEtolorum
518 2915 633 2968 urbs-
719 2914 911 2983 587.'Pulsare.
923 2911 994 2964 Pede
1007 2925 1115 2968 tentore.

121 2997 225 3069 Deflete,
248 2995 329 3062 Quod
345 2997 446 3050 faciunt
465 2995 494 3048 in
512 2995 634 3066 sequenti
719 2995 785 3050 588.
796 2995 860 3048 Vm
867 3005 976 3064 peraeto.
985 2993 1047 3058 Quo
1060 3006 1190 3064 tempore,

120 3077 269 3131 enorm-
279 3077 307 3128 V
305 3079 372 3130 imm.
384 3075 487 3128 Sortem
500 3093 595 3128 meam.
679 3074 782 3127 ¹Mutet
795 3086 863 3128 terro
875 3073 961 3137 vireo,
974 3083 1001 3124 et
1013 3069 1190 3130 decrescentia

157 3159 221 3210 Aet.
237 3156 279 3220 ll,
288 3175 325 3208 sc.
337 3175 371 3211 n.
381 3156 509 3208 Mulieres
520 3152 634 3225 Calydo-
677 3153 748 3225 ripas
760 3152 882 3206 Flumine
894 3163 1065 3223 preteream.
1079 3177 1092 3200 ι
1103 3153 1142 3206 Ut
1152 3153 1190 3209 eit

120 3235 170 3289 niae
185 3248 286 3289 sortem
300 3235 433 3308 Dejeuiroe
447 3233 562 3287 deflent:
578 3252 635 3287 am·
677 3232 769 3286 Horat.
782 3233 833 3296 IV,
845 3230 898 3284 od.
914 3250 950 3301 7,
963 3231 990 3284 3.

121 3315 265 3379 bidonem,
278 3316 426 3379 avaritiam,
438 3315 545 3376 luxum,
557 3324 634 3366 crete·
720 3313 782 3380 ⁵89.
796 3311 884 3365 Gradu
894 3321 998 3380 serperet
1006 3329 1084 3382 aquo.
1093 3311 1188 3366 Amnis

120 3413 203 3467 reque
234 3396 392 3448 mortalium
427 3392 513 3447 studia
544 3392 632 3447 ioenin
677 3390 777 3446 dicitur
790 3408 895 3462 serpere
907 3409 977 3463 aquo
989 3389 1084 3459 gradu,
1103 3408 1188 3460 quum

121 3471 297 3542 detestentur,
328 3474 460 3546 privatam
497 3472 632 3526 fortunam
678 3471 725 3543 qui
748 3483 842 3525 natura
863 3469 1005 3524 vehemens
1031 3482 1057 3522 et
1079 3467 1188 3541 rupidus

120 3553 242 3608 leudone.
677 3569 732 3604 non
746 3563 801 3616 eet,
815 3550 904 3621 egitur
917 3549 1030 3602 naturali
1047 3561 1137 3612 motu,
1157 3563 1189 3604 ut

162 3635 228 3688 583.
242 3633 364 3696 OEmi,o
374 3632 512 3703 Deianira,
523 3631 580 3686 fitia
592 3648 634 3684 re-
677 3629 854 3702 pedetentim‚
863 3629 1188 3699 teutumimpolleotibuo,

120 3713 160 3785 gis
172 3714 278 3767 OEuei.
677 3729 736 3781 que
758 3722 919 3780 sequuntur,
942 3707 1035 3774 undio,
1056 3721 1187 3779 quantum

161 3795 231 3856 584.
256 3791 375 3852 Comitum
399 3789 479 3842 turba.
501 3790 558 3844 Noe
574 3808 633 3862 que
678 3789 810 3843 cederem
819 3789 871 3842 loci
881 3788 1063 3858 darepoesuut
1073 3790 1189 3859 priores,

121 3891 213 3926 omnes
228 3872 328 3926 luimus
339 3871 449 3923 comiter
459 3882 521 3926 tuae.
677 3870 772 3940 plenus
788 3869 843 3940 ipre
864 3881 891 3922 et
906 3883 1014 3938 εᾳιιιιιε
1031 3887 1086 3920 nou
1102 3869 1190 3922 turbi-

162 3952 231 4006 585.
251 3951 361 4017 Dubios,
376 3948 521 4022 repudium
538 3950 634 4002 timen-
678 3947 728 4002 dus
745 3961 771 4001 et
781 3949 927 4002 concitetur
941 3960 967 4001 et
983 3947 1087 4002 fervens
1098 3947 1191 4012 undis,

121 4029 634 4094 tea-Veneranda,ndrumuntenim
680 4027 1190 4100 quieanterioreetentumevolverene·

122 4111 266 4166 familiares
276 4125 302 4164 et
314 4111 442 4166 ministre
455 4109 586 4181 principis
600 4108 638 4162 le·
681 4121 798 4180 queunt,
829 4120 957 4180 quantum
982 4105 1125 4160 effundunt
1150 4123 1191 4158 ee·

122 4191 219 4256 minu,
236 4212 267 4244 ex
287 4191 386 4262 quibus
402 4203 504 4244 constet
522 4189 635 4243 Chorus.
682 4201 806 4258 quentes‚
820 4207 899 4259 super
912 4184 996 4240 undar
1007 4183 1193 4244 scandentibus

986 4280 1024 4350 34
