3130 5118
395 531 928 602 ANIMADVERSIONES.
1131 535 1196 628 169
1298 537 1305 556 ⁰

129 657 302 716 dentsusdeo
315 673 495 730 corruptores.
509 659 577 716 Dedi
592 673 680 716 sutem
689 687 700 710 ι
709 659 785 714 Vult.
799 671 885 732 potest
898 679 953 714 ver.
970 679 1045 726 suos,
1061 686 1072 708 ι
1088 662 1196 734 elegun-

129 743 199 794 tiore
219 738 315 793 ordine
334 741 494 806 verborum,
512 741 559 812 qui
585 740 653 794 ordo
669 753 785 796 motetus
805 757 875 810 supe
889 753 956 793 ests
971 739 1195 811 descriptoribus,

129 819 202 873 velut
213 819 267 874 hoc
278 819 338 890 ipsu
352 819 413 872 loco
424 819 453 872 in
461 821 554 874 Pslstt.
566 833 593 874 et
604 819 738 874 veteribus
748 818 809 872 edd.
820 837 902 891 quum
914 821 947 872 rb
955 819 1020 873 Aldi
1030 819 1195 885 discesseris,

131 900 246 954 hebetur
258 899 351 970 pepulit
364 895 442 962 lim,
465 900 493 952 iu
506 901 617 971 vulgetis
636 913 725 952 sutem
740 903 805 952 circe
817 900 951 970 pepulit,·u
966 899 1063 971 quibus
1075 901 1194 972 utrisque

130 979 290 1033 dissentiens
301 978 372 1032 Flcr.
387 1001 398 1022 ι
410 980 507 1050 Rapuit
516 981 585 1033 vires
594 978 752 1051 pondusque
763 980 839 1044 muli,
855 1003 866 1026 ι
884 977 957 1050 quod
965 979 1060 1032 lectius
1072 981 1195 1050 vulgsto,

131 1073 158 1112 et
173 1057 355 1128 recipiendum
370 1058 399 1112 iu
414 1057 552 1124 ordinem,
572 1059 624 1112 nisi
641 1058 715 1130 quod
737 1078 788 1130 pro
810 1060 870 1111 mali
883 1057 1026 1130 legendum
1048 1071 1088 1112 est
1107 1061 1194 1124 malis,

131 1139 175 1192 rel
189 1140 253 1190 mato
266 1157 328 1191 cum
341 1137 491 1192 Groucrio.
504 1139 589 1190 Bonis.

175 1219 241 1288 239.
254 1219 354 1270 Purirre
366 1219 463 1270 clarum.
475 1218 515 1270 Itu
526 1218 598 1270 Flor.
610 1228 636 1270 et
648 1217 721 1288 Lips.
736 1235 818 1288 quum
830 1217 1051 1290 volgolegstur,·
1062 1218 1196 1272 Purumre

132 1297 210 1351 eloris
220 1298 344 1350 noctibus
355 1295 427 1350 sidus
437 1298 517 1351 miem
531 1323 542 1345 ι
555 1336 563 1362 ,
584 1298 668 1350 tribus
683 1297 770 1350 serbis
780 1298 915 1352 coutinuis
925 1318 937 1348 s
947 1299 1023 1351 litere
1034 1296 1127 1350 linitis.

174 1384 236 1442 241.
256 1375 321 1430 Feta
342 1388 369 1428 ut
392 1377 508 1430 Armenio
519 1377 542 1446 j.
563 1375 607 1429 Sic
630 1376 702 1430 Flos.
722 1389 750 1429 et
769 1395 825 1429 non
846 1389 952 1430 armento
967 1378 1009 1430 vel
1027 1389 1149 1441 armenta,
1165 1390 1195 1431 ut

132 1455 209 1510 MSS.
220 1469 246 1510 et
257 1456 321 1510 libri
332 1454 440 1527 quidum
453 1458 582 1528 probent.

173 1539 237 1590 ulio.
255 1537 347 1606 Ignara
357 1538 433 1590 viuri.
446 1536 522 1590 MSS.
538 1537 629 1600 8262,
654 1537 741 1601 8026,
762 1538 931 1607 ignotaoiucs'.
941 1534 1017 1589 —Ss'
1031 1535 1091 1607 quid
1099 1539 1199 1589 sucessit

129 1617 207 1682 firor.
229 1615 286 1668 MS.
306 1614 396 1682 8032,
412 1618 435 1666 ri
452 1615 513 1688 quid
524 1619 591 1666 timet
601 1617 678 1683 [παι.

176 1699 241 1750 262.
254 1696 292 1749 H.
306 1699 360 1747 risu
371 1697 434 1747 imm.
445 1697 483 1746 ιι.
496 1695 571 1748 MSS.
583 1699 610 1747 et
622 1695 793 1766 interpretes,
814 1720 826 1743 ι
842 1695 895 1748 hoc
908 1713 989 1764 specu
1004 1694 1079 1749 imm.
1091 1719 1102 1742 s
1121 1695 1198 1748 mele.

135 1773 204 1829 Num
219 1778 275 1827 euru
289 1787 329 1828 est
343 1774 518 1828 necessurium
536 1787 647 1846 propter
665 1793 704 1828 vs.
717 1777 771 1830 268
786 1792 793 1826 τ
807 1801 818 1823 ι
829 1774 902 1840 Quid
917 1776 1018 1829 excutis
1035 1774 1137 1828 telluris
1153 1793 1200 1828 ex·

135 1866 225 1912 trem·
235 1855 317 1907 sinus.
333 1879 343 1901 ι

180 1937 244 1997 elil.
263 1935 379 1988 Converte
395 1935 420 1984 iu
434 1932 535 2005 aliquid.
546 1933 622 1987 MSS.
635 1933 699 1988 Pan.
712 1957 723 1978 ι
737 1947 862 1988 converte
873 1935 899 1987 in
912 1934 1030 2004 aliquod.
1047 1961 1059 1983 ι

180 2033 244 2084 ²7⁰·
260 2015 330 2083 Quor
339 2015 417 2064 timuit
428 2031 438 2066 :
451 2033 475 2067 c.
491 2033 541 2065 occ.
556 2014 601 2065 lscc
616 2014 686 2066 telum
698 2019 752 2068 ruis.
764 2011 887 2086 Plerique
898 2015 974 2068 MSS.
992 2041 1003 2063 ι
1019 2032 1083 2086 quus
1093 2013 1199 2066 timeat:

137 2112 163 2146 o.
180 2111 204 2146 s.
219 2093 248 2146 h.
260 2105 279 2145 t.
294 2104 312 2145 t.
328 2118 340 2140 ι
352 2093 410 2144 MS.
429 2091 520 2158 8032,
539 2118 551 2140 ι
566 2113 592 2165 q.
606 2094 681 2147 timet
694 2113 701 2146 :
716 2113 742 2146 o.
756 2113 780 2146 s.
795 2095 822 2148 h.
837 2109 856 2148 t.
870 2107 890 2148 t.
904 2121 916 2142 ι
926 2095 982 2147 MS.
1002 2096 1087 2159 8026,
1099 2120 1111 2141 ι
1129 2112 1155 2164 q.
1168 2094 1201 2147 ti·

140 2185 212 2226 mest
224 2191 231 2224 :
244 2191 271 2226 ο.
286 2172 377 2242 accipe
388 2172 530 2224 Herculem
543 2174 603 2226 tuis.
619 2198 630 2220 ι

179 2271 246 2323 ²7²·
259 2251 441 2319 Prosermanur
455 2271 608 2324 qsrocumque.
621 2250 663 2304 sd
683 2252 712 2305 h.
733 2252 752 2304 l.
768 2253 846 2306 silent
867 2255 1037 2324 interpretes,
1053 2252 1103 2304 nisi
1129 2249 1202 2322 quod

141 2332 227 2396 Gron.
240 2343 343 2397 monet,
355 2331 540 2384 Florentinum
554 2345 581 2384 et
590 2349 682 2384 omnes
693 2332 748 2383 lere
758 2332 928 2402 quosviderit
946 2330 1055 2404 (quibus
1066 2330 1135 2384 udde
1145 2332 1202 2400 ple·

138 2429 234 2482 rosque
242 2411 308 2463 Patr.
321 2422 454 2464 etveteres
465 2400 549 2478 edd),
558 2411 656 2463 hebere
665 2410 756 2480 perfer,
766 2409 837 2463 unde
846 2413 905 2464 Nic.
913 2412 1036 2464 Heinsius
1043 2412 1135 2464 lecerit
1145 2409 1203 2468 Fer,

133 2493 269 2558 firmanus
281 2509 432 2563 quocumque.
447 2490 514 2542 Nem
527 2491 664 2543 Ascensius
678 2491 713 2542 ita
727 2490 783 2542 huc
797 2491 1004 2560 interpretatus:
1023 2516 1034 2537 ι
1056 2491 1143 2557 Proser·
1157 2503 1202 2542 sut

135 2572 230 2642 persar,
248 2570 268 2624 i.
285 2588 310 2622 e.
326 2568 360 2622 sd
374 2570 454 2622 linem
469 2588 552 2640 usque
568 2567 682 2623 extende
701 2587 824 2634 manum,
841 2570 897 2623 scil.
916 2583 1003 2633 tuum,
1017 2585 1202 2641 quocumque,

139 2650 157 2704 i.
165 2670 190 2704 e.
202 2667 370 2722 quecumque
386 2661 460 2719 purte
472 2663 563 2720 potes,
587 2674 597 2696 n
613 2649 717 2702 lecisset
730 2649 840 2714 melius,
856 2650 877 2703 si
894 2651 1026 2703 tacuisset.
1037 2652 1204 2720 Corruptus,

139 2731 162 2782 si
180 2730 337 2802 quisalius,
354 2728 427 2782 locus
445 2741 501 2790 est,
527 2743 552 2780 et
571 2726 727 2798 legendum.
740 2729 801 2782 misi
823 2749 866 2781 me
880 2730 969 2782 omnis
985 2730 1092 2784 fallunt:
1118 2757 1129 2776 ι
1141 2731 1205 2782 Per-

141 2809 206 2862 dere
224 2808 346 2862 Alcidem
361 2820 438 2878 potes
452 2825 459 2858 :
474 2809 567 2860 Profer
589 2809 678 2860 minus
695 2807 892 2880 quodcumque.
910 2835 921 2857 ι
940 2808 1055 2862 Perdere
1065 2809 1205 2864 Herculem

138 2891 250 2959 jubetur
263 2888 331 2951 des,
354 2900 380 2940 et
394 2885 525 2957 quidquid
535 2889 588 2957 jam
606 2905 682 2958 agere
693 2886 838 2940 decreverit
852 2890 939 2940 minus
955 2889 1004 2942 istc
1019 2890 1136 2942 facinore
1153 2901 1206 2941 tsm

141 2967 225 3021 arduo
238 2983 265 3021 et
285 2967 415 3038 glorioso,
430 2967 567 3036 prolerre,
581 2965 676 3032 idest,
694 2965 803 3020 differre
817 2969 844 3020 in
859 2967 930 3020 uliud
951 2981 1062 3040 tempus.
1074 2971 1100 3022 A
1114 2981 1140 3020 et
1153 2974 1164 3020 ι’
1176 2966 1208 3020 ιι-

142 3060 209 3102 tcrss
219 3047 363 3120 permixtus
377 3063 581 3116 nonnumquam
595 3047 703 3098 turbare
719 3047 746 3098 in
762 3046 839 3099 codd.
853 3067 935 3118 quum
948 3048 1011 3100 slibi
1023 3049 1130 3110 monui,
1150 3060 1206 3100 tum

141 3128 170 3182 iu
183 3127 314 3180 vindiciis
325 3125 406 3178 Orid.
421 3124 454 3176 ud
470 3127 534 3178 Met.
552 3125 617 3188 XII,
633 3127 799 3188 481.Boru.

182 3207 247 3276 ²7³·
266 3209 300 3277 Q.
311 3204 444 3277 julesfieri
457 3205 545 3271 nesus?
559 3204 672 3274 Ruplrel.
691 3230 702 3251 ι
715 3207 760 3257 liet
772 3205 844 3257 nefas
858 3207 963 3275 Reperi.
976 3230 987 3250 ι
1003 3206 1078 3258 MSS.
1090 3218 1117 3258 et
1130 3205 1211 3260 Psris.

135 3285 202 3357 fieri.
215 3287 317 3339 Luhest
331 3284 508 3354 distinguere,
519 3285 554 3336 sit
568 3284 646 3336 Grut.
661 3283 754 3353 «quod
765 3285 841 3354 jubes
858 3286 904 3338 liet
918 3281 1063 3354 (velfieri)
1075 3285 1147 3338 nelos
1157 3291 1167 3336 l
1178 3305 1207 3339 sc

141 3365 206 3418 inde
219 3379 343 3437 tunquam
357 3364 391 3418 sd
407 3383 435 3416 se
451 3382 576 3415 converse
592 3381 599 3415 :
615 3364 715 3432 Reperi,
731 3369 804 3416 etc..

185 3447 248 3499 280.
261 3445 464 3515 Numflammoc.
473 3455 521 3495 etc.
530 3442 636 3496 Delrius
649 3445 772 3512 conjecit:
787 3469 798 3490 ·
813 3456 842 3496 ut
853 3442 958 3496 llummu
970 3461 993 3496 c.
1007 3463 1034 3513 p.
1045 3456 1071 3496 et
1082 3456 1101 3497 t.
1113 3444 1209 3506 lerant,

143 3525 182 3578 Ut
193 3525 269 3578 Urso.
281 3550 293 3570 ι
307 3523 451 3586 Gruterus,
465 3541 548 3593 quum
561 3540 653 3574 omnes
666 3522 743 3574 Mss.
759 3542 813 3574 uum
819 3524 937 3592 flunsma,
947 3542 1002 3575 non
1014 3523 1112 3577 frustra
1123 3537 1211 3578 censet

144 3623 173 3656 se
183 3604 325 3675 suspicari,
340 3605 364 3656 T
363 3623 401 3654 um
407 3604 518 3673 flamma.
534 3601 664 3672 Scaliger,
683 3627 694 3648 ι
709 3619 783 3654 nou:
798 3602 904 3654 {lanima
917 3603 1034 3674 puriter:
1050 3629 1060 3650 ι
1074 3602 1208 3674 quodjsm

142 3685 245 3754 sequuti
262 3695 333 3738 sunt.
348 3683 409 3735 Fuit
422 3694 448 3734 et
462 3682 502 3732 vir
516 3679 608 3733 doctus
621 3681 664 3732 cui
675 3681 796 3750 pluceret
810 3700 816 3733 :
835 3707 846 3728 ι
864 3701 918 3734 non
933 3701 939 3734 :
952 3683 1056 3734 flammo
1070 3685 1169 3753 pariter
1181 3698 1210 3736 ut

143 3776 246 3824 torrens
258 3781 265 3816 ε
285 3789 297 3810 ι
310 3759 536 3833 quemadmodum
547 3761 657 3820 Plauto,
676 3787 687 3808 ι
703 3761 789 3812 lilium
800 3761 900 3830 pariter
910 3775 1040 3815 morotum
1051 3777 1079 3816 ut
1091 3776 1174 3834 puter.
1195 3791 1206 3812 1

142 3841 196 3895 Sed
209 3843 308 3896 Seneca
319 3859 375 3894 non
389 3839 454 3893 dicit
471 3842 608 3903 futurum,
629 3851 659 3891 ut
673 3840 742 3910 ignis
761 3840 845 3892 instas·
864 3843 987 3894 torrentis
1003 3841 1068 3894 llrret
1082 3862 1088 3892 :
1104 3842 1132 3895 id
1153 3842 1210 3894 lieri

143 3921 307 3993 quaudoque
322 3922 395 3974 testis
409 3918 541 3972 Vesuvius
556 3937 562 3971 :
580 3917 627 3971 sed
644 3932 674 3971 ut
692 3919 855 3990 conjunctim
870 3933 951 3973 eant:
972 3920 1045 3992 quod
1062 3922 1120 3974 fieri
1138 3923 1212 3974 nullo

142 4000 226 4054 modo
240 4013 338 4072 potest.
355 4003 436 4053 Recte
448 4000 559 4052 ousuino
574 3998 684 4068 scripti:
702 4019 757 4050 nram
770 4001 884 4069 flumme.
902 3999 973 4053 Vide
993 4001 1020 4052 in
1040 4015 1096 4054 not.
1117 4019 1211 4070 quem·

141 4078 289 4134 admodum
302 4080 360 4134 haee
372 4081 492 4132 Gronov.
506 4077 626 4149 explicet.

187 4162 253 4224 284.
271 4161 320 4214 Est
334 4161 392 4230 aliq.
405 4159 482 4233 laydrc
491 4161 580 4228 potius.
602 4159 673 4213 Bene
690 4160 736 4229 qui
750 4160 820 4228 pejus
836 4159 1036 4229 1·epuuuut,sit
1052 4159 1162 4228 Ruphel.
1179 4173 1208 4212 ut
