3220 5128
387 483 458 556 ωδ
598 473 601 479 “
628 485 678 554 ΙΝ
705 485 996 554 arretinum
1022 487 1237 554 ultumum

383 620 489 672 dolorem
502 627 575 668 totum
593 613 754 688 interpretor
769 616 858 668 doloris
873 635 969 669 coruom
984 629 1077 679 totam,
1099 617 1240 670 Herculem
1256 629 1283 671 et
1297 619 1451 674 unireramu

385 701 441 771 ejm
454 715 551 769 genus,
577 695 605 746 iu
622 694 715 766 primis
726 697 886 762 Alcmenen,
908 716 986 768 quam
1003 697 1167 752 excruciabit
1181 697 1230 751 dea
1243 698 1390 752 iratissima.
1407 702 1452 755 Sic

382 778 497 850 pudorem
511 774 623 828 Ovidius
634 774 816 829 Minotaurum
831 777 894 830 Met.
904 779 985 838 VIII,
1003 777 1066 848 157,
1076 790 1103 831 et
1113 778 1208 830 similia
1218 779 1313 850 passim
1326 778 1369 832 elii
1379 778 1452 834 dixe·

386 869 462 922 runt,
480 857 507 909 in
519 855 561 908 hie
573 854 672 908 Statiue
683 856 771 909 Theb.
783 857 811 920 1,
825 863 871 926 47.
882 857 967 909 Bora.

415 927 516 1018 '¹794
532 948 616 999 Pellee
628 967 681 1017 sup.
694 949 810 1019 supplicia
821 949 846 1000 d.
862 969 885 1021 q.
900 952 992 1018 exiget.
1003 951 1102 1003 Versus
1116 968 1226 1021 peccans
1241 953 1268 1006 in
1281 963 1390 1004 accentu
1401 968 1450 1004 vo·

385 1028 474 1082 eubuli
483 1027 620 1097 supplicief
640 1027 744 1098 qualern
756 1045 861 1080 versum
878 1027 904 1080 in
918 1041 975 1082 toto
989 1027 1086 1082 Seneca
1102 1049 1157 1082 non
1170 1030 1308 1084 inveniar:
1327 1049 1387 1084 nam
1401 1031 1449 1102 qui

386 1109 481 1161 similia
493 1105 581 1160 adhuc
591 1105 728 1178 legebatur
737 1105 811 1160 Med.
828 1111 894 1174 267,
908 1109 1092 1179 probabiliter,
1108 1109 1259 1180 mopinot,
1273 1108 1452 1164 emendatuaa

386 1187 463 1241 nobie
478 1197 527 1239 eat.
542 1185 620 1239 reru.
633 1197 660 1239 et
681 1185 764 1240 Caiet.
779 1187 810 1238 Ρ.
828 1207 850 1240 s.
861 1188 891 1240 de
902 1207 949 1260 quo
960 1205 1029 1258 supp.
1043 1209 1065 1240 e.
1080 1189 1153 1241 Flor.
1172 1201 1277 1261 expetat.
1294 1188 1450 1261 Legeudum

387 1283 501 1320 censeo:
519 1293 529 1314 ι
546 1265 635 1318 Pellex
651 1282 789 1336 supersum
804 1287 811 1318 :
828 1265 907 1338 digna
924 1267 1052 1338 supplicia
1077 1279 1196 1337 expetat,
1218 1293 1229 1316 ι
1256 1267 1335 1340 digna
1348 1287 1450 1332 uxore,

387 1345 466 1418 digna
477 1345 581 1416 pellice.
598 1343 700 1398 Similia
711 1346 787 1415 ἅμα
797 1358 825 1400 et
837 1347 923 1418 dequo
940 1345 1073 1418 Sequente
1090 1365 1167 1402 remu
1181 1361 1255 1407 reete
1265 1349 1350 1404 Grun.
1364 1348 1394 1404 Si
1402 1368 1453 1421 pa-

388 1445 439 1479 ren
448 1445 548 1496 possem.
561 1426 646 1478 Bora.
827 1493 828 1499 1

428 1537 510 1589 1797.
528 1519 602 1572 Utere
614 1517 726 1571 timendo.
739 1518 809 1582 alii,
824 1530 950 1572 «uterum
962 1517 1123 1572 timendum.
1138 1544 1149 1568 a

430 1614 514 1680 1798.
535 1610 620 1661 toan.
640 1610 748 1662 Nemini
762 1609 863 1680 placeat
880 1609 958 1674 lucau,
976 1597 1089 1663 ubilero
1103 1623 1141 1664 eat
1159 1612 1186 1663 in
1203 1611 1339 1682 proximis.
1359 1613 1452 1682 Repo·

387 1707 465 1744 uam:
482 1691 544 1760 Quis
558 1709 595 1740 nae
605 1689 688 1755 focus.
703 1688 829 1753 Horatio,
848 1690 972 1760 Epiu.1‚
992 1695 1045 1751 14:

572 1821 654 1868 villice
670 1817 778 1868 eilrat-mn
795 1822 884 1867 etmihi
898 1837 934 1868 me
950 1821 1068 1870 reddentia
1079 1819 1160 1884 agelli,

570 1896 646 1952 Quem
657 1905 683 1941 tu
695 1893 798 1950 fastidia,
812 1895 940 1942 habitatum
952 1897 1055 1960 quinque
1059 1897 1124 1960 ficia
1131 1929 1140 1951 ,
1164 1906 1207 1944 etc.

387 2027 444 2160 lib}
459 2039 540 2158 mla
547 2027 714 2080 scholiastes:
727 2027 815 2092 Foris,
828 2029 944 2083 domibus.
955 2029 989 2083 Et
999 2028 1036 2084 sic
1047 2029 1143 2101 pterim
1154 2031 1231 2094 lares,
1247 2047 1360 2101 quorum
1374 2030 1452 2086 redes

385 2125 413 2160 rn
441 2126 505 2162 outa.
541 2125 603 2160 oua.

428 2201 643 2273 1800.'Laresque
654 2205 758 2253 miseros.
774 2201 899 2254 Heinsius
921 2201 1034 2254 malebat
1053 2219 1133 2267 seros,
1157 2201 1197 2254 rel
1212 2203 1297 2257 avitos.
1317 2203 1451 2257 Neutrum

387 2299 455 2352 opus
466 2293 505 2336 eet
516 2300 522 2333 :
537 2285 632 2333 miseros
644 2281 771 2334 Alcmena
781 2281 848 2334 larea
859 2293 937 2336 vocat
947 2281 982 2334 ob
993 2278 1142 2334 miserande
1160 2281 1276 2352 parentia
1286 2281 1328 2335 aui
1339 2281 1405 2349 fata,
1417 2283 1453 2337 de

386 2361 483 2432 quibua
496 2362 531 2415 ci.
542 2359 648 2414 Hesiod.
663 2362 734 2414 Seut.
748 2360 827 2414 Herc.
841 2379 866 2413 v.
885 2379 929 2414 rr.

361 2485 363 2492 ·
431 2457 513 2508 1801.
527 2453 621 2504 Marito
641 2453 734 2506 Thebas
748 2472 822 2522 regna
833 2465 858 2504 et
870 2454 979 2507 Ismeuon
988 2463 1078 2522 petam.
1096 2451 1141 2505 Sin
1149 2449 1236 2505 Heius.
1250 2449 1284 2504 ad
1291 2450 1373 2506 Ovid.
1386 2453 1452 2508 Her.

387 2533 464 2598 XIV,
480 2551 529 2602 19,
546 2551 629 2603 quum
644 2533 670 2585 in
687 2533 758 2585 Flor.
773 2532 929 2598 invenisset,
942 2532 1036 2585 Marito
1049 2531 1137 2583 Thebae
1153 2551 1228 2602 regau
1240 2533 1348 2585 Ismeuon
1353 2545 1452 2604 petora,

386 2619 489 2683 optime
498 2611 613 2664 correxit
621 2613 753 2682 vulgatam
765 2611 922 2682 scripturam
934 2631 940 2665 :
956 2638 968 2659 ι
982 2611 1083 2664 Orbata
1093 2612 1198 2664 Thebae
1208 2629 1320 2683 regnum
1331 2624 1358 2666 et
1369 2614 1453 2667 lame·

386 2710 452 2744 num
467 2703 565 2761 petam.
583 2715 594 2737 ι
619 2730 623 2740 .

431 2773 513 2824 1806.
526 2771 654 2822 Eosectua.
672 2769 794 2840 Conjeeit
806 2768 949 2841 legendum
964 2769 1048 2823 Gron.
1058 2781 1191 2839 coemptus,
1205 2769 1451 2842 ahinoeptusl'lor.

388 2863 415 2903 et
438 2849 516 2904 ceteri
538 2861 651 2901 euectus.
671 2873 682 2895 ι
699 2850 848 2920 Exemptus,
869 2850 974 2920 inquit,
999 2849 1166 2902 ut'Bacehua
1182 2849 1298 2906 Semeles
1312 2872 1318 2902 ε
1334 2868 1395 2902 nam
1415 2850 1452 2904 ud

386 2931 465 3002 hujus
478 2929 640 2981 nativitatem
651 2926 753 2980 alludit.
767 2953 778 2974 ι

430 3011 511 3078 18⁰7.
524 3009 596 3062 Nunc
608 3008 658 3061 dut.
671 3019 707 3059 est
717 3010 821 3071 miserae,
833 3008 924 3060 dotum.
937 3008 1009 3060 Flor.
1019 3027 1081 3059 nuuc
1093 3007 1175 3058 datram
1184 3020 1334 3079 erumpas,
1351 3010 1451 3075 domm,

386 3088 460 3159 quod
474 3087 524 3140 tuit
535 3086 606 3140 baud
617 3086 714 3151 dubie,
727 3088 800 3139 Nunc
810 3087 892 3138 datum
904 3091 928 3139 in
943 3078 1002 3158 (vel
1016 3076 1068 3155 ud)
1086 3098 1184 3158 tempus.

430 3170 511 3222 1808.
528 3167 563 3220 Ut
576 3168 620 3219 laon
632 3167 737 3218 duretur.
750 3165 825 3220 Idem
841 3165 923 3220 codex
932 3205 939 3231 ,
958 3167 992 3220 Ut
1004 3180 1027 3218 et
1036 3168 1081 3219 lroe
1090 3167 1189 3219 deretur
1194 3187 1205 3230 ,¹
1217 3185 1301 3238 quum
1311 3169 1449 3239 vulgatum

387 3249 425 3301 Et
442 3249 613 3313 laederetur,
632 3257 765 3300 mutatum
782 3246 889 3300 aGrut.
905 3260 970 3300 emet
985 3247 1014 3298 in
1036 3247 1070 3300 Ut
1087 3247 1131 3298 loo
1145 3247 1170 3300 d.
1187 3249 1267 3300 Recte
1278 3248 1356 3302 etiam
1370 3250 1453 3302 suerit

386 3327 458 3380 idem
471 3328 616 3400 quidsatura
628 3345 691 3397 pro,
703 3325 768 3398 quod
773 3327 865 3392 fatum.
987 3319 989 3324 ¹

429 3410 514 3461 1812.
531 3407 670 3478 Mariusque
683 3417 779 3457 terram.
794 3405 868 3457 Nihil
885 3419 924 3459 est
935 3424 1001 3476 opus
1011 3406 1079 3456 Dan.
1095 3403 1196 3458 Heinsii
1208 3408 1380 3476 conjectura:
1397 3427 1447 3459 me·

387 3489 483 3557 »vitisque
490 3487 592 3537 Lernam
602 3485 713 3538 nobilem.
722 3485 790 3538 llam
801 3485 846 3544 hie
853 3485 996 3556 generatim
1007 3483 1041 3536 de
1051 3485 1125 3538 factis
1132 3485 1179 3536 iilii
1186 3483 1450 3556 loquiturlllemeue.

429 3569 514 3633 1817.
534 3566 662 3632 Defendar.
677 3565 783 3617 Fortius
802 3577 840 3618 eat
855 3564 996 3636 quodvult
1012 3563 1099 3617 Gron.
1111 3563 1228 3631 desendet.

429 3647 511 3699 1821.
529 3643 576 3696 Uli
585 3647 647 3695 euim
660 3657 748 3714 negata
761 3650 817 3696 eat?
828 3645 912 3698 Gron.
931 3644 980 3696 Ubi
991 3647 1051 3696 euim
1065 3657 1155 3713 negato
1164 3651 1177 3694 ι’
1186 3657 1213 3698 et
1223 3641 1297 3698 addit
1311 3665 1317 3698 :
1342 3673 1353 3696 ι
1366 3661 1452 3716 quum
1487 3649 1494 3658 “

384 3727 422 3778 sie
438 3723 571 3787 ederetur,
589 3724 709 3794 Lipsium
721 3723 764 3777 hie
780 3737 885 3778 notasse
904 3723 1009 3796 reperio
1025 3741 1031 3776 :
1046 3724 1195 3778 illustriora
1216 3725 1274 3778 haee
1295 3724 1363 3779 facio
1379 3743 1386 3778 ε
1402 3725 1453 3778 tlte·

385 3816 474 3874 negato
493 3815 540 3864 est,
559 3803 615 3854 eine
637 3803 846 3874 interrogatione
871 3816 898 3856 et
919 3803 1011 3856 vocula
1028 3801 1117 3856 addita
1131 3822 1146 3855 e
1160 3803 1237 3856 libro.
1256 3805 1353 3858 Senam
1370 3821 1377 3858 τ
1397 3805 1450 3860 Hic

385 3883 507 3938 Thraciae
524 3882 651 3936 universae
669 3901 720 3953 pax
739 3894 778 3934 eet
795 3881 866 3941 data,
889 3895 1029 3954 postquam
1054 3880 1178 3936 Diomedi
1209 3884 1256 3936 uui
1277 3898 1370 3956 negata
1389 3896 1451 3938 ert:

385 3982 464 4036 quem
482 3962 624 4015 interemit.
637 3959 765 4014 additam
779 3979 871 4014 vocem
885 3981 938 4014 nou
951 3963 1028 4014 ulium
1044 3963 1165 4034 intelligo
1178 3981 1257 4035 quam
1272 3965 1328 4018 Est.
1345 3964 1454 4017 Delriua

384 4059 472 4099 tumen
490 4042 605 4096 referens
618 4041 692 4113 quari
704 4042 883 4113 conjecturam
901 4031 980 4112 (qun
995 4042 1061 4095 mihi
1075 4041 1179 4096 videtur
1197 4061 1252 4096 erae
1273 4044 1337 4097 lilm'
1355 4045 1455 4098 vetaris

385 4125 516 4194 scriptura
530 4118 633 4193 )Lipaii
645 4121 752 4190 vulgato
766 4121 911 4174 acutiorem
923 4121 999 4190 ponit
1013 4143 1019 4173 :
1041 4123 1089 4173 Ubi
1098 4127 1121 4174 οἱ
1132 4135 1220 4192 negate
1232 4135 1283 4186 ast,
1295 4123 1370 4195 quod
1382 4137 1410 4178 et
1424 4123 1453 4176 in
