3220 5128
483 495 733 566 OCTAVIA.
758 497 870 566 ACT.
898 499 925 564 1.

125 607 136 620 ⁶
218 625 290 692 Tua
308 644 407 714 quem
427 619 532 714 pietas
552 619 641 688 hosti
665 619 794 714 rapuit,

218 733 380 826 Texitque
399 730 505 800 fides:
524 756 578 799 me
599 728 727 798 crudeli

217 845 313 912 Sorte
333 856 486 936 parentes
504 856 617 935 raptos
635 839 792 934 prohibet
817 917 819 923 y

217 959 347 1049 Lugere
365 951 478 1040 timor,
500 951 678 1046 fratrisque
698 975 813 1020 necem

216 1065 349 1134 Dellere
367 1077 474 1149 vetat,
495 1062 528 1130 in
548 1087 616 1156 quo
634 1059 743 1130 fuerat

580 1174 661 1266 Spes
680 1195 748 1240 una
771 1171 870 1256 mihi,

215 1286 344 1378 Totque
362 1280 527 1351 malorum
543 1281 644 1350 breve
662 1280 819 1350 solamen.

216 1397 315 1466 Nunc
334 1396 368 1461 in
388 1390 498 1461 luctus
517 1407 647 1460 servata
667 1416 779 1476 meos,

215 1505 331 1598 Magni
350 1517 438 1572 resto
455 1503 600 1570 nominis
619 1501 749 1571 umbra.

216 1638 322 1684 nuru.
346 1617 438 1701 Vox,
454 1609 544 1681 heu!
565 1627 696 1681 nostras
712 1610 853 1706 perculit
871 1633 969 1678 aures
1006 1676 1011 1684 ,

577 1723 695 1790 Tristis
712 1721 864 1790 alumnae.

119 1893 125 1900 .
215 1835 329 1903 Cessas
350 1830 503 1901 thalamis
526 1831 651 1900 inferre
673 1831 815 1926 gradus,

215 1943 323 2014 Tarda
340 1941 508 2012 senectus?
526 1965 600 2012 oen.
620 1943 746 2036 Excipe
769 1957 899 2034 austras

213 2053 399 2139 Lacrimas,
422 2053 555 2138 nutrix,
577 2052 668 2122 testis
686 2053 791 2120 nostri

214 2161 296 2231 Fida
314 2160 447 2230 doloris.
467 2183 573 2232 nunu.
591 2162 678 2250 Quis
696 2177 728 2231 te
749 2162 851 2232 tantis

216 2267 327 2341 Solvet
345 2271 452 2356 curis,
469 2271 673 2356 miseranda,
690 2270 783 2340 dies?

214 2405 291 2452 ocr.
308 2380 377 2471 Qui
399 2406 452 2450 me
468 2383 598 2476 Stygias
615 2383 725 2451 mittet
745 2380 787 2450 ad
806 2380 951 2449 umbras.

214 2514 319 2561 nura.
338 2491 480 2578 Omina,
501 2516 633 2585 quaeso,
652 2493 718 2560 sint
735 2491 796 2560 ista
816 2487 944 2584 procul.

214 2624 287 2671 ocr.
306 2603 384 2671 Non
401 2615 478 2668 vota
498 2594 588 2669 meos
603 2615 661 2669 tua
680 2624 770 2668 nnnc
787 2623 897 2680 casus,

214 2709 278 2780 Sed
295 2707 360 2777 fata
377 2724 510 2804 regunt.
529 2733 636 2780 nuru.
655 2711 760 2780 Dabit
778 2709 909 2779 alllictae

207 2870 251 2924 63.
264 2871 339 2923 Hosti
353 2875 454 2942 rapuit,
475 2871 552 2924 matri
565 2883 591 2923 et
604 2873 674 2944 AEgi·
719 2871 780 2928 dem
799 2871 957 2926 sententiam
977 2871 1096 2942 loquitur
1117 2869 1230 2934 Seneca,

163 2949 234 3004 stlta.
248 2949 312 3003 vid.
327 2953 419 3022 Agara.
433 2951 500 3020 93¹·
718 2951 818 3006 Troad.
830 2971 869 3004 rs.
887 2969 955 3004 1011
970 2972 976 3002 :
996 2949 1131 3002 «Leutius
1143 2949 1229 3002 luctus

204 3031 250 3084 65.
265 3029 381 3084 Prohibet
398 3033 489 3101 Lagare
506 3035 584 3084 timor.
596 3033 675 3085 Acer·
719 3033 888 3104 lacrimaeque
905 3029 1044 3094 mordent,
1058 3030 1149 3082 Turba
1165 3046 1230 3098 quas

164 3109 228 3162 bum
243 3109 295 3163 huc
307 3122 333 3164 et
346 3109 454 3164 crudele
468 3110 523 3164 Cic.
541 3111 568 3163 in
584 3111 673 3164 Pison.
721 3111 786 3166 fletu
808 3111 887 3165 simili
908 3111 1065 3180 frequentat.
1076 3133 1087 3155 ·
1107 3107 1140 3160 Et
1158 3109 1227 3176 Aga-

166 3191 224 3242 18:
250 3216 261 3237 ι
277 3191 344 3255 Quis
356 3191 407 3244 hoc
419 3189 482 3242 fecit
494 3191 548 3244 ulla
561 3191 589 3244 in
607 3191 674 3263 Scy·
720 3209 876 3253 memnone,
904 3209 943 3242 rs.
967 3192 1043 3252 664:
1068 3186 1228 3238 «Lacrimas

162 3267 216 3321 thia
232 3281 379 3340 tyrannus,
395 3281 425 3322 ut
441 3288 502 3333 eos,
518 3290 585 3342 quos
600 3271 674 3324 luctu
717 3271 832 3324 lacrimis
843 3269 952 3322 miscere
962 3269 1055 3338 jurat,
1067 3266 1152 3336 Magis
1165 3283 1228 3317 exu-

162 3348 294 3411 afficeret,
304 3350 395 3418 lugere
404 3367 459 3402 uon
473 3349 571 3404 sineret
582 3355 593 3401 i
605 3351 673 3402 Moe·
717 3362 865 3422 runt,qu0s
873 3360 977 3400 secreta
987 3349 1115 3399 Lacerant
1126 3363 1224 3397 curae.»

161 3446 249 3480 rorem
271 3428 422 3499 relinquis:
445 3430 567 3481 maeroris
587 3430 673 3482 aufers
759 3449 805 3500 7¹·
818 3430 908 3499 Magni
928 3439 991 3479 resto
1010 3429 1111 3478 nominis
1132 3425 1226 3477 umbra·

162 3507 289 3578 insignia:
303 3509 384 3580 eripis
397 3509 534 3574 lacrimas,
546 3528 600 3562 non
610 3528 673 3562 con·
718 3510 816 3563 Lucan.
838 3509 930 3560 Phara.
946 3508 976 3573 1,
1003 3505 1072 3572 135,
1092 3503 1126 3557 de
1146 3506 1227 3557 Pom-

162 3584 290 3652 solando,
303 3585 348 3640 sed
366 3585 502 3642 minando.
519 3615 529 3634 ι
716 3589 786 3661 pei0,
799 3600 868 3642 «stat
879 3587 965 3657 magni
976 3587 1091 3639 nominis
1102 3586 1224 3637 umbra.»

202 3671 248 3736 69.
263 3667 339 3718 Breve
354 3668 470 3720 solamen.
487 3669 548 3733 Quo
559 3687 612 3720 non
624 3666 671 3720 diu
758 3669 803 3738 75.
821 3667 904 3720 Tarda
915 3667 1119 3728 senectusr’lllea;
1131 3663 1157 3716 id
1171 3677 1225 3728 est,

164 3745 230 3798 milri
244 3744 336 3799 datium
350 3760 388 3799 est
399 3747 461 3800 frui.
717 3767 774 3811 cnr,
791 3767 839 3818 ego
859 3748 933 3800 senio
953 3745 1038 3806 tarda,
1054 3765 1125 3800 cesso
1144 3745 1225 3796 thala·

200 3843 243 3895 70.
258 3827 288 3878 ln
298 3828 376 3878 luctus
385 3838 478 3878 servata
491 3846 570 3890 meos,
583 3825 672 3893 idest,
718 3846 774 3880 mos
796 3827 912 3880 Octaviae
935 3825 1047 3898 ingredi.
1058 3860 1097 3869 -
1114 3825 1222 3894 Esaias,

163 3906 304 3978 proprios,
317 3925 386 3972 non,
401 3919 429 3959 ut
442 3919 518 3959 antea
529 3945 535 3968 ,
547 3925 606 3959 curn
619 3907 672 3960 fra·
717 3907 776 3960 sinu
791 3918 846 3960 tuo.

162 3997 203 4036 tre
225 3986 445 4039 communicatos,
475 3987 560 4051 Nam,
586 3999 614 4039 ut
639 3985 675 4039 ait
760 4005 806 4057 79.
834 3988 952 4057 (laima,
970 3981 1030 4038 'dies
1051 4004 1085 4037 sc.
1109 3983 1152 4036 illc
1169 4002 1224 4054 quo

161 4063 335 4132 Claudianus,
347 4065 476 4130 XXXVI,
490 4085 606 4136 *ts-1972
620 4065 675 4118 ule·
721 4069 826 4119 moriar.

160 4143 219 4196 vius
236 4147 387 4198 communia
399 4158 518 4216 tangunt.
532 4173 543 4193 a
564 4147 594 4198 ln
606 4165 676 4197 eam-
763 4149 806 4200 80.
821 4148 879 4199 Ista.
893 4147 959 4211 Quae
972 4157 999 4197 tu
1011 4164 1081 4196 nunc
1091 4142 1202 4214 profers.
