3198 5132
440 521 966 594 Auiuiuvursrouus.
1162 511 1230 620 307

210 651 275 720 ⁵7²·
295 650 345 703 Vm
358 653 474 704 sustinere
485 666 566 724 posset
581 653 636 718 ior,
658 665 709 706 etc.
728 654 848 708 Gronov.
869 649 944 709 mulii
961 675 970 710 ι
995 683 1006 704 ι
1022 656 1077 709 Vix
1092 655 1235 712 sustineret

166 733 255 804 justus
270 731 348 785 hoe..

211 813 278 865 581.
294 811 434 881 Exprimere
443 813 485 881 jus
499 823 543 864 est.
558 812 679 866 Gronov.
694 814 812 866 tentabat
825 835 836 857 ε
846 813 1002 885 Exprimere
1018 815 1058 868 vir
1074 827 1142 868 eet.»
1160 815 1234 881 Quid

168 903 218 956 eet,
233 891 255 943 ri
267 909 322 943 non
336 891 387 944 boc
403 889 551 962 frigidum?
565 911 628 945 nem
639 910 724 964 quum
739 897 869 962 etprimere
884 895 1013 965 significet
1027 899 1055 948 ui
1067 897 1177 963 auferre,
1194 914 1236 949 re·

116 993 118 996 ·
169 972 274 1042 quitur,
293 971 474 1042 «Exprimere
490 971 531 1022 vir
555 985 608 1036 eet,
626 996 637 1021 ι
652 971 724 1024 idem
736 991 810 1037 esee,
834 975 896 1027 ecci
910 973 1036 1028 dixisset:
1062 977 1236 1046 eexprimere

170 1063 211 1104 est
224 1051 381 1121 exprimere.
392 1076 403 1097 υ
415 1049 496 1116 Quod
510 1051 619 1104 minime
630 1051 780 1105 serendum.

212 1130 278 1192 584.
296 1130 326 1184 Si
345 1131 412 1194 lieet,
436 1132 522 1183 multos
537 1144 615 1185 notat.
637 1132 700 1186 Pure
719 1130 800 1186 codd.
815 1150 847 1186 uc
866 1131 927 1186 edd.
948 1137 982 1186 sit
996 1133 1059 1186 licet.
1075 1124 1146 1186 ¹Non
1169 1132 1235 1187 'edeo

171 1210 261 1282 inepta
273 1209 369 1275 lectio,
383 1225 409 1262 et
420 1229 501 1281 quum
512 1211 683 1265 commendat
694 1210 874 1265 Schroederus.

213 1289 279 1358 591.
299 1291 379 1360 Quum
393 1301 475 1361 portet
490 1303 556 1343 utero
570 1295 676 1362 pignus,
697 1304 746 1344 etc.
770 1292 847 1344 Both.
874 1291 1024 1358 «Quenem
1044 1297 1153 1364 portet?
1172 1311 1235 1346 num

170 1369 223 1422 hoc
235 1386 284 1440 per
295 1367 324 1422 ie
341 1388 396 1422 non
417 1370 588 1440 intelligutur.
608 1369 762 1442 Legendum
778 1369 883 1424 videtur
900 1391 906 1422 :
925 1397 936 1419 e
947 1373 1038 1437 Quum
1056 1385 1149 1444 portet
1162 1385 1238 1427 utero

170 1448 269 1519 dignior
280 1461 384 1520 partem
398 1449 459 1503 mei.
472 1475 484 1498 ι
504 1451 612 1520 Dignior
625 1470 704 1522 quum
719 1451 843 1508 Octavia.
858 1450 892 1504 de
905 1469 958 1522 qur
975 1451 1078 1504 dictum
1095 1451 1123 1504 in
1143 1453 1237 1523 proxi·

171 1529 232 1582 mir.
251 1535 292 1600 Τῷ
315 1529 334 1580 d
354 1530 423 1582 forte
446 1547 532 1594 verro,
558 1531 669 1588 exstitit.
695 1530 802 1602 opinor,
812 1534 919 1601 pigrior,
944 1535 1053 1601 pignus,
1078 1543 1128 1584 etc.
1151 1532 1240 1584 Posuit

172 1608 266 1662 etium:
285 1609 397 1674 «Quum
414 1621 503 1680 portet
519 1629 545 1662 u.
558 1610 634 1680 digna
644 1614 680 1663 rie
693 1628 722 1680 p.
735 1611 796 1663 mei.
811 1636 822 1657 ·
841 1609 902 1675 Sic,
925 1609 1047 1678 uondurn
1062 1610 1129 1664 mihi
1144 1624 1237 1682 nupta.

173 1686 239 1740 Vid.
252 1690 373 1759 Interpp.
385 1687 418 1741 ud
429 1691 539 1742 Terent.
550 1708 589 1743 rc.
602 1690 672 1760 1753
690 1707 738 1742 not
749 1688 782 1742 ed
794 1690 881 1744 Plauti
891 1691 1050 1744 Menechm.
1062 1709 1101 1743 vr.
1112 1692 1177 1754 564.
1188 1689 1239 1743 Sed

172 1768 287 1820 ulterum
303 1780 416 1839 prreetxt.
433 1770 531 1840 Uitrtj.
542 1769 608 1820 Dum
617 1782 712 1839 portet,
724 1783 750 1822 et
765 1788 804 1841 sq.
819 1789 856 1822 re.
869 1789 925 1823 nou
938 1772 1087 1840 proximam,
1106 1783 1135 1822 ut
1144 1771 1238 1841 vulgo

171 1847 219 1901 ced
231 1851 380 1917 proximum,
393 1847 466 1919 quod
481 1847 600 1940 variandi
614 1850 674 1903 ιοιιί
686 1850 767 1920 gretie
783 1849 996 1968 recipiendum'
988 1869 1017 1903 ιιι
1038 1847 1163 1903 ordinem
1184 1869 1239 1904 esre

170 1928 419 1980 existimavimnri»

215 2006 284 2076 599.
296 2008 367 2060 Man.
381 2011 551 2077 nostrisgrur.
564 2007 622 2061 MS.
635 2009 727 2074 8036,
748 2029 779 2063 m.
790 2013 848 2062 meir
859 2013 951 2079 puris.

214 2090 279 2141 602.
294 2088 353 2140 Nou
364 2088 417 2140 illu.
426 2086 504 2142 MSS.
515 2101 542 2142 et
552 2087 614 2141 edd
628 2101 691 2141 vett.
710 2090 765 2142 Voe
778 2091 831 2142 itu

140 2227 145 2236 ,
215 2170 281 2219 6ιι.
295 2168 390 2219 Titulos
403 2168 521 2233 destruit,
536 2172 619 2220 mortis
631 2181 703 2220 metu.
716 2169 778 2221 Non
793 2169 905 2222 omniuo
922 2167 1130 2240 improbandum
1150 2167 1239 2221 Grotii

172 2260 355 2301 commentum
369 2248 469 2300 hoc:·
480 2247 842 2302 titulordertruitmemoree
856 2248 952 2308 mei,-
974 2245 1113 2318 nisiquod
1131 2247 1240 2317 longius

172 2324 305 2379 recedito
324 2339 431 2397 receptu
448 2329 585 2398 scripturn.
606 2329 697 2380 Posset
709 2329 762 2398 legi
776 2331 958 2390 mortimenti,
974 2338 1005 2378 ut
1018 2326 1164 2378 simulacris
1178 2332 1241 2378 titu-

173 2405 259 2476 licque
277 2406 370 2458 terreri
388 2404 494 2460 dicutur
509 2425 594 2468 mors,
606 2419 732 2476 tanquam
748 2407 830 2459 rebue
838 2407 960 2502 ,quibui
975 2405 1100 2458 obviem'
1093 2405 1240 2457 rturmorti

173 2483 230 2537 rive
245 2485 393 2547 oblivioni3
406 2484 452 2537 red
466 2486 661 2539 aliecmtum'
634 2487 721 2538 nimir.

215 2568 281 2634 617.
298 2564 486 2636 Tumulumque:
499 2569 560 2618 noti.
575 2565 647 2635 Mog.
658 2577 685 2617 et
696 2565 792 2637 Ultra]
802 2565 1023 2636 Tumuiumque
1032 2564 1151 2616 ulcisci
1167 2563 1238 2616 Vett.

173 2640 236 2695 edd.
247 2655 345 2715 preter
357 2641 436 2696 Aldi:
459 2671 470 2692 ι
481 2645 590 2698 Tumul.
602 2645 674 2700 nerei
686 2645 770 2716 poerit
784 2641 855 2708 (Asc.
869 2657 960 2700 tumen
969 2641 1068 2715 poscit).
1083 2669 1094 2692 ι
1116 2643 1240 2714 Suspice·

173 2735 218 2775 tur
232 2723 312 2775 Both.
328 2747 339 2769 e
351 2723 459 2777 Tumul.
473 2725 584 2778 miserie.
597 2750 609 2771 »

215 2804 281 2857 618.
300 2803 402 2873 Tempus
415 2804 483 2857 haud
494 2806 561 2874 long.
568 2817 634 2874 pero.
647 2805 743 2874 Ultrrj.
763 2804 905 2875 :Tempus
919 2803 946 2855 h.
960 2803 978 2856 l.
994 2815 1094 2874 puto.»

215 2885 282 2936 Sur.
297 2883 392 2935 Dirum.
406 2883 482 2938 MSS.
493 2885 610 2955 aliquot,
625 2885 719 2936 dimum.

215 2961 282 3015 623.
294 2963 433 3034 Ropieutem
444 2976 530 3018 rotam.
545 2963 601 3018 ldS.
614 2963 706 3028 803⁵,
722 2964 869 3034 «rapientia
885 2973 980 3016 rotem.
993 2989 1004 3010 ·

215 3043 385 3110 629.Veuiet.
398 3043 455 3097 ldS·
468 3047 542 3100 8028
550 3082 559 3106 ‚
569 3047 644 3096 uenit.
653 3043 800 3096 -lleddut
813 3047 872 3097 ruis.
885 3043 944 3096 MS.
954 3043 1027 3096 8025
1043 3082 1050 3108 ‚
1063 3067 1074 3089 ι
1085 3040 1179 3094 reddet
1191 3062 1211 3094 ι.
1224 3067 1235 3088 ι

173 3119 253 3174 simili
264 3123 374 3176 omnino
386 3142 474 3176 senen.

215 3203 281 3255 636.
294 3204 324 3255 In
337 3203 412 3255 lucem
424 3203 498 3257 edidi.
511 3205 543 3255 In
554 3217 659 3257 veturio
670 3203 730 3257 cod.
748 3205 798 3256 ·in
814 3204 901 3255 iucem
917 3199 988 3254 dedi.
1001 3225 1012 3248 ι

215 3281 282 3349 639.
295 3283 365 3334 Meus
376 3285 509 3336 occidisses.
522 3284 642 3354 Mogunt.
654 3284 749 3336 Mecum
762 3301 812 3335 occ.
821 3283 857 3334 Τὸ
870 3281 965 3333 Mecum
979 3277 1103 3351 equidem
1119 3291 1237 3350 apertum

174 3359 257 3412 hehet
270 3363 443 3425 sententiam,
464 3361 511 3416 red
526 3382 590 3414 meus
605 3363 721 3418 tenerius
737 3377 795 3426 eet,
818 3379 868 3414 nec
884 3361 954 3413 mele
970 3358 1119 3430 explicetur
1139 3359 1241 3413 uGru·

174 3452 249 3503 tero,
259 3458 339 3510 quem
351 3439 413 3493 vide
426 3443 454 3494 in
469 3443 548 3495 notit.
560 3440 631 3494 Vide
644 3443 724 3494 Herc.
739 3442 805 3494 OEt.
822 3447 905 3512 1²74,
917 3457 976 3510 cup.
990 3459 1018 3512 p.
1033 3441 1097 3492 182.

217 3521 284 3582 645.
301 3519 372 3572 Meis.
383 3519 542 3574 Mendosum
561 3523 589 3572 ri
605 3524 662 3573 meir
676 3521 755 3574 Both.
769 3519 886 3585 ridetur,
900 3532 1032 3591 putetque
1043 3519 1093 3589 leg.
1103 3521 1183 3572 nimir.

217 3598 283 3651 6⁵3.
302 3600 353 3650 Vel
366 3612 441 3652 morte
454 3601 514 3652 dier.
531 3601 604 3652 Bone
617 3619 677 3670 pure
687 3600 764 3654 MSS.
780 3601 840 3653 evei
852 3612 965 3653 mortem
978 3598 1045 3653 diee.
1055 3623 1067 3646 ο

216 3682 281 3732 66ο.
292 3677 412 3731 Scelerum
424 3680 482 3733 diri.
497 3680 616 3732 Gronov.
633 3699 738 3732 socerum
750 3681 808 3733 diri.
825 3705 837 3728 e
847 3680 898 3733 Hic
915 3681 971 3732 lere
984 3679 1101 3731 eliceret
1113 3691 1241 3749 egerunt,

174 3757 227 3823 uit,
238 3759 285 3829 qui
299 3759 379 3829 hujus
395 3760 517 3830 opusculi
536 3773 710 3832 succeperunt
722 3779 825 3814 curum.
839 3759 946 3830 Liptine
959 3763 1048 3812 soriam
1063 3770 1090 3810 et
1108 3760 1169 3826 lieu,
1181 3761 1244 3813 cub·

174 3839 227 3891 lete
240 3839 463 3910 interrogatione3
485 3852 611 3910 umquem
631 3837 703 3893 dicet
722 3859 751 3894 ee
771 3840 869 3892 sociem
895 3838 1013 3892 futurum
1033 3839 1133 3910 prioris
1152 3839 1243 3910 rponri

70 3957 74 3964 .
175 3917 276 3982 Silani,
292 3932 318 3971 et
331 3917 375 3972 die
390 3920 545 3990 nuptiarum
559 3921 681 3990 Poppaeae
698 3933 843 3972 mactatum
859 3918 902 3971 iri.
926 3918 1040 3990 Rupbel.
1060 3936 1091 3970 ex
1106 3918 1244 3970 Ortelieno

175 3997 428 4068 prolert,srelerum:
440 4017 490 4052 nec
504 4012 573 4064 ente,
584 4012 701 4052 mentem
716 3999 821 4053 Octavii
835 4019 862 4052 re
876 4001 993 4070 potuisse
1005 3996 1124 4068 rdeequi.
1138 3997 1245 4054 Delriui

175 4077 337 4132 nihiimutet
348 4098 470 4134 :socerum
484 4098 539 4133 eme
555 4098 725 4146 socerorum,
736 4099 804 4152 quos
821 4077 906 4133 edidit
920 4078 1048 4150 primurn,
1062 4075 1205 4131 Claudium
1220 4088 1248 4129 et

176 4157 297 4229 Poppae
310 4171 430 4230 putrem,
448 4159 522 4226 dein,
540 4179 590 4232 pro
612 4159 707 4226 altero,
721 4159 842 4232 Appium
858 4159 987 4213 Silenum.
1006 4158 1122 4211 Grutero
1135 4168 1196 4209 sunt
1208 4157 1247 4219 in·-

1050 4277 1105 4324 20.
