3130 5118
304 532 581 604 nuncupes
606 535 822 606 oureus.
847 537 955 607 nor.
984 539 1025 608 v.
1135 563 1202 637 ως

175 659 264 744 «Te,
286 670 335 744 te,
352 670 456 751 peter,
475 681 575 752 quem
598 673 695 728 nocte
713 641 891 730 commissa
909 659 980 733 dies

179 767 366 858 «Quaesivit
381 791 491 854 unus,
506 768 533 836 si
551 791 642 838 mens
658 766 772 838 laudes
789 770 880 838 canit

178 879 396 971 «Utrumque
413 876 532 946 Phoebi
551 875 651 966 litus,
670 894 704 949 et
719 880 863 974 Scythiae
885 905 1009 975 genus,

178 991 249 1058 «Et
267 987 377 1057 omnis
397 986 517 1056 ardens
536 1012 614 1076 ora,
629 1014 730 1083 quarn
752 1004 858 1060 torret
877 990 967 1062 dies:
1155 1027 1205 1067 ιτα·

176 1099 237 1169 «Si
257 1123 339 1192 pace
358 1096 456 1168 tellus
474 1095 592 1192 piene,
611 1099 638 1168 si
655 1097 754 1169 nullae
772 1115 912 1195 gemunt

178 1210 329 1304 «Urbes,
347 1233 501 1278 necares
521 1209 644 1303 impius
663 1211 839 1305 quisquam
862 1212 1039 1306 inquinat:

175 1316 233 1390 «Si
253 1318 379 1388 scelere
399 1317 537 1406 desunt3
554 1321 709 1414 spiritum
727 1321 866 1390 admitte
882 1321 994 1410 hunc,
1012 1345 1150 1416 precor,

175 1434 241 1500 «In
256 1445 358 1499 astro.
380 1429 451 1498 Nec
469 1454 523 1498 me
543 1430 661 1498 mortis
684 1430 821 1500 infernae
841 1429 945 1517 iocus,

173 1542 269 1612 «Nec
285 1553 402 1608 moeste
423 1539 511 1634 nigri
533 1563 634 1632 regna
653 1554 847 1611 conterrent
862 1543 975 1612 Jovis:
1149 1559 1199 1611 ¹⁷⁰⁵

172 1648 264 1720 «Sed
286 1649 336 1717 ire
355 1647 399 1718 ed
419 1645 493 1718 illos
509 1649 648 1737 umbra,
666 1675 751 1745 quos
771 1651 852 1737 vici,
870 1653 981 1737 Deos,

174 1763 318 1846 «Pater,
338 1758 524 1828 erubesco:
544 1760 634 1829 nube
653 1760 799 1830 discussa
817 1760 905 1830 diem

172 1868 331 1956 «Pande,
347 1883 385 1938 ut
404 1872 554 1939 Deorum
572 1869 685 1940 vultus
703 1871 876 1941 ardentem
896 1869 1076 1941 Herculem

180 1981 343 2073 «Spectet
360 2004 368 2048 ε
386 1976 464 2048 licet
480 1994 515 2049 tu
536 1980 644 2050 sidera
659 1997 692 2051 et
709 1983 873 2052 mundum
894 2007 1018 2078 neges,

176 2092 321 2178 «Ultro,
341 2105 453 2187 pater,
476 2116 614 2187 cogere:
633 2094 661 2162 si
680 2119 777 2163 voces
800 2093 897 2164 dolor
1151 2130 1201 2170 ¹⁷¹0

174 2201 388 2274 «Abstulerit
409 2200 514 2290 ullas,
532 2203 641 2296 pande
663 2218 736 2273 tum
756 2205 887 2300 Stygios
906 2203 1014 2290 lacus,

171 2343 190 2378 α
202 2318 245 2384 Et
264 2312 367 2382 redde
387 2312 478 2382 Fatis
492 2338 500 2380 :
516 2313 667 2407 approba
685 2329 802 2383 natum
824 2314 930 2410 prius.

169 2453 188 2489 α
200 2428 249 2495 Ut
269 2423 393 2516 dignus
413 2423 510 2492 astris
528 2423 655 2510 videar,
674 2424 730 2493 hic
748 2424 847 2493 faciet
866 2423 946 2495 dies.

171 2537 290 2608 «Leve
307 2548 367 2620 est,
377 2532 467 2627 quod
481 2545 593 2605 ectum
610 2547 677 2603 est:
694 2532 873 2602 Herculem
893 2532 959 2616 hic,
970 2530 1115 2630 genitor,
1129 2527 1199 2598 dies

170 2644 372 2728 «inveniet,
391 2657 450 2712 eut
467 2643 640 2714 damnabit
654 2674 681 2714 n.
701 2649 776 2714 Hoc
792 2658 934 2738 postque
952 2640 1096 2714 addidin
1149 2660 1201 2714 ¹⁷¹⁵

166 2895 252 2964 1697.
269 2893 320 2956 Te,
338 2903 376 2958 te,
393 2903 473 2962 pater.
486 2891 643 2964 Respondet
731 2889 815 2962 1705.
826 2887 1198 2952 Necnoerto,etc.Vid.Anim.

121 2971 188 3026 hnic
208 2974 237 3024 τὸ
254 2991 343 3042 precor
364 2990 444 3026 tenu
478 2972 561 3042 ¹7⁰³·
585 2973 641 3038 Te,
730 2975 812 3041 1706.
836 2971 934 3024 unum.
961 2973 1057 3034 Τὺπος,
1080 2966 1196 3034 εἴδωλον,

122 3063 211 3122 peter,
222 3063 259 3116 te,
270 3051 380 3122 inquom
391 3041 483 3124 (quem
492 3050 550 3104 dier
558 3071 639 3116 unus,
686 3048 791 3104 nudum
799 3051 986 3115 simulacrum,
997 3039 1131 3121 qnod(vel
1141 3049 1199 3103 nni·

121 3132 170 3204 qui
180 3131 284 3185 eciiicet
295 3129 399 3186 duabu·
418 3131 542 3186 noctibue
558 3133 640 3188 inter·
686 3149 730 3185 me
743 3131 772 3184 in
786 3129 892 3194 calum,
913 3128 985 3182 unde
1006 3128 1121 3181 deducte
1139 3141 1197 3194 eet,

122 3208 220 3264 cedere
237 3209 363 3274 deberet,
386 3230 442 3266 non
456 3210 553 3274 sensit,
575 3209 640 3266 dnm
685 3210 727 3263 vei
748 3210 776 3264 in
793 3211 843 3262 ntia
861 3227 976 3280 corpora
994 3211 1123 3279 migrante
1139 3227 1199 3262 cor·

122 3290 173 3344 lux
199 3309 261 3343 non·
281 3302 321 3343 ert
347 3291 512 3344 continuatis
535 3288 642 3344 duabus
685 3307 769 3361 pore,
784 3287 857 3360 qnod
874 3289 902 3341 in
923 3289 1054 3342 elemento
1076 3286 1199 3343 dissolvi·

122 3371 261 3433 noctibus,
280 3369 328 3441 qui
344 3388 399 3422 nno
419 3369 464 3423 die
477 3368 641 3425 derideretur
685 3365 747 3432 tur)
761 3369 829 3440 petit
844 3368 952 3424 inferne.

122 3467 153 3502 ee
166 3448 269 3504 mundo
285 3448 404 3521 coloque
427 3447 553 3515 defuisti,
574 3447 640 3502 dum
729 3467 812 3519 1710.
826 3447 855 3500 St
868 3467 947 3500 vorm.
959 3448 1091 3512 Revocnt,
1114 3448 1198 3502 corri-

122 3545 169 3581 me
181 3519 322 3601 generor),
332 3547 439 3600 precor,
452 3529 475 3582 ei
488 3548 530 3582 ree
547 3527 641 3601 dignae
685 3528 777 3600 gitque
784 3546 934 3599 supremam
944 3545 1037 3582 vocem
1046 3527 1199 3598 cogenda.

121 3609 189 3664 calo
207 3609 291 3682 geni,
309 3607 401 3680 recipe
419 3625 463 3661 me
483 3609 513 3662 in
531 3627 641 3662 eoncor-
685 3627 736 3678 ego
751 3619 777 3659 te
791 3625 893 3680 cogam.
986 3672 992 3680 ,

123 3687 193 3744 tium
209 3691 340 3744 Deorum.
575 3719 581 3738 .
729 3689 902 3758 1712.Faris,
916 3686 1198 3749 inferinmortieloeo.

167 3771 251 3838 1699.
266 3767 412 3840 Utrumque,
424 3768 512 3821 orient
526 3779 552 3822 et
568 3767 641 3822 occi·
729 3767 814 3839 1713.
826 3766 965 3837 Utrique.
979 3767 1046 3832 Quae
1054 3785 1103 3838 per
1115 3768 1196 3824 vitam

11 3875 12 3880 ¹
124 3844 202 3902 dem.
212 3879 253 3888 -
263 3845 559 3920 Scyttiafleptemtrio.
684 3859 791 3900 etrenue
804 3847 855 3900 feci
865 3887 872 3912 ,
884 3866 939 3900 non
954 3858 1007 3899 tem
1029 3859 1097 3899 aetra
1111 3865 1197 3900 mere.

168 3946 250 3998 ¹70²·
275 3929 376 3999 tmpus.
397 3926 530 3999 Intelligit
549 3939 639 3981 nutem
682 3926 798 3988 buntur,
812 3945 894 4000 quam
913 3945 985 3979 more
1007 3925 1064 3984 hec
1085 3927 1197 3988 acerba,

122 4005 255 4064 Budridie
268 4025 335 4066 eru.
686 4024 767 4078 qnam
778 4007 885 4061 fortiter
896 4006 963 4061 sero.

168 4087 251 4158 1703.
261 4085 404 4151 Siseelera,
419 4085 442 4139 ei
458 4086 579 4140 ecelernti
591 4085 640 4138 ho·
729 4085 814 4156 1715.
826 4087 942 4140 Inveniet.
957 4083 1095 4140 Iudicium
1104 4083 1138 4140 de
1150 4083 1196 4140 iilo

120 4164 227 4232 nina,
237 4184 296 4221 men
306 4185 388 4241 opere
400 4163 517 4238 devicti,
527 4177 639 4221 eeuent.
684 4165 772 4222 faciet.
782 4164 847 4224 vid,
858 4163 997 4222 Animadv.
