3220 5128
363 505 438 603 296
710 509 765 578 tu
789 511 1068 578 ocrsvtsu

362 639 546 710 distinguente
565 639 689 703 raetiam
702 652 750 694 aut
770 639 860 712 potius
880 653 942 696 ente
956 643 1039 712 cuique
1053 641 1185 704 Britanni,
1199 652 1230 694 nt
1251 651 1288 694 est
1307 641 1335 692 in
1356 638 1422 692 Psii.

362 721 518 772 omnibus·
536 719 622 772 Etiam
635 731 696 772 vett.
712 717 773 773 edd.

592 838 658 887 Uter
675 840 793 886 Ooeeuaur

591 921 681 982 Cuique
691 921 794 966 Britanni
810 931 876 984 terge
890 922 984 970 dedere¹

366 1046 411 1100 Sia
429 1044 525 1117 passim
545 1045 573 1098 in
592 1045 649 1098 'hoe
663 1044 773 1117 aiiisque
791 1062 818 1101 et
840 1049 921 1120 hujus
938 1061 965 1102 et
984 1050 1092 1103 Saneaea
1112 1044 1299 1118 tragaediarum
1316 1045 1427 1100 atntiais

367 1125 436 1178 maie
451 1123 546 1196 digesti
559 1143 650 1179 versus
661 1127 855 1197 anuspestiei..

352 1241 357 1251 ·
405 1205 452 1258 35.
473 1205 511 1258 Et
516 1205 609 1276 fragili
624 1204 695 1258 tora.
709 1205 783 1259 Vett.
798 1207 920 1278 impressi
937 1220 963 1260 et
977 1205 1058 1269 editi.
1064 1206 1141 1273 sarili
1153 1206 1224 1259 bana.

403 1283 448 1354 37.
468 1282 554 1337 Subita
568 1284 682 1336 labantis
703 1283 805 1340 Omnes
816 1285 892 1340 MSS.
908 1286 952 1340 sui
964 1307 1012 1340 nea
1022 1287 1126 1338 latentis.
1146 1285 1223 1340 Solus
1237 1283 1328 1350 tota,
1344 1283 1427 1337 sabito

271 1413 273 1418 .
363 1365 459 1416 latentis
475 1365 583 1435 prebet.

406 1443 452 1514 39.
474 1443 549 1514 Cujus
566 1437 664 1514 inaperta
675 1444 736 1511 suit.
751 1443 874 1502 Heinsius
893 1445 1007 1499 metebat
1025 1448 1147 1516 imperinm
1164 1443 1237 1510 tulit,
1260 1443 1303 1514 rel
1326 1445 1426 1514 imperia

365 1525 432 1576 sirit.
449 1523 572 1587 Quorum
588 1523 701 1577 aiteram
716 1525 811 1578 serviis
825 1538 878 1590 est,
893 1524 944 1580 hoo
956 1536 1044 1581 autem
1057 1524 1224 1578 obsoletum..

406 1610 452 1667 As.
469 1604 510 1654 En
522 1606 564 1675 qai
578 1601 713 1656 Britannis.
727 1606 759 1656 In
773 1603 888 1675 vulgetis
900 1617 972 1671 erat,
985 1605 1028 1658 En
1040 1607 1082 1677 qui
1094 1623 1137 1657 ara
1153 1605 1260 1666 Tanais,
1273 1599 1347 1674 qnod
1364 1620 1426 1654 aor-

365 1682 433 1736 rexit
447 1681 578 1753 Scaliger,
592 1681 626 1734 ad
640 1683 768 1754 Panegyr.
781 1697 842 1736 vett.
856 1703 883 1756 pe
900 1685 966 1754 287.

407 1759 452 1826 43.
475 1762 563 1830 ignata
588 1773 613 1812 et
630 1773 686 1814 ante
706 1762 829 1817 elassibus.
846 1763 889 1817 sie
913 1763 1029 1836 conjecit
1046 1763 1119 1834 Lips.
1142 1761 1273 1834 probante
1292 1760 1425 1826 Gentem

365 1860 426 1894 uem
438 1851 513 1893 entes
525 1840 661 1911 legebatur
674 1845 758 1910 iganta
770 1847 844 1895 tantis
856 1845 979 1898 elassibus.

406 1921 453 1973 60.
464 1920 531 1972 Odia
536 1924 594 1990 pari
608 1921 703 1973 aretem
712 1925 801 1975 mariti.
814 1923 935 1976 Gronov.
947 1919 1105 1976 emendtbst
1115 1939 1122 1972 t
1135 1933 1206 1992 atque
1216 1920 1272 1973 adia
1283 1924 1340 1992 pari
1346 1919 1428 1972 Ardet

365 2003 465 2051 maritas
475 2019 484 2050 :
495 2011 576 2050 natea
582 1999 699 2069 flagrant
705 2003 778 2068 sace,
796 2003 858 2074 quia
872 2002 947 2056 nullo
961 2003 1039 2055 etiam
1052 2001 1135 2053 verbo
1147 1999 1250 2054 dictum
1264 2000 1312 2064 sit,
1325 1999 1426 2052 Neroni

366 2078 500 2132 Octaviam
514 2076 578 2130 odio
590 2096 652 2131 esse.
664 2081 744 2152 Atqui
755 2081 855 2134 dictura
866 2095 918 2146 est,
931 2081 1065 2134 Neronem
1074 2079 1211 2134 crudelem
1224 2098 1280 2133 esse
1292 2079 1426 2132 maritum.

367 2159 454 2211 Nemo
467 2158 551 2221 enim,
564 2175 652 2210 amens
666 2161 766 2226 uraris,
782 2179 873 2232 aspere
885 2179 942 2213 eern
953 2172 1056 2214 treetet.

409 2236 454 2291 53.
476 2238 560 2290 Mutat
575 2240 671 2290 inmitis
682 2240 759 2292 dalar.
772 2241 849 2293 Both.
867 2238 961 2304 ·Quid
974 2239 1024 2294 hoc
1039 2252 1095 2302 est,
1111 2237 1182 2310 quod
1196 2238 1305 2292 consilis
1318 2237 1427 2292 nutricis

368 2330 460 2371 mutare
472 2315 569 2369 dicitur
580 2317 691 2372 Octavia
703 2323 715 2369 t
725 2319 846 2390 Mogent.
859 2322 966 2372 immittit
973 2341 983 2382 ‚·
995 2316 1062 2372 Atd.
1073 2329 1099 2372 et
1112 2315 1198 2388 Lugd·
1212 2331 1238 2370 et
1250 2318 1352 2389 aliquot
1362 2316 1426 2370 Pali.

369 2401 451 2451 mittit.
468 2397 621 2468 Reliquerat
634 2397 745 2472 fortasse
754 2399 900 2470 Tragi'cus:
916 2400 1021 2452 admittit
1035 2401 1129 2450 intuitis
1145 2397 1215 2449 detor
1230 2396 1337 2450 Consilia
1348 2415 1428 2450 noea.

369 2479 466 2531 Parum
480 2475 584 2546 pincent
595 2477 680 2530 vicine
693 2491 776 2530 nostra
783 2478 864 2552 fides,
876 2497 915 2532 rs.
934 2479 985 2544 523
1004 2479 1105 2531 consilia
1121 2489 1219 2541 rastra,
1233 2495 1271 2530 vs.
1285 2482 1338 2542 543
1350 2488 1429 2530 naster

370 2563 454 2620 timor,
468 2575 506 2608 vs.
521 2556 567 2611 56.
582 2581 593 2604 ι

411 2637 458 2707 57.
479 2635 553 2704 Quod
567 2639 666 2690 utinum.
683 2635 740 2692 MS.
757 2637 846 2702 8033,
863 2637 923 2710 quid
933 2649 967 2691 ut.
987 2635 1044 2690 MS.
1062 2635 1428 2708 803s,qaoda1ttmam.us.

371 2719 458 2778 8260,
474 2714 539 2784 qaod
552 2719 639 2784 utique.

413 2797 458 2862 59.
480 2795 547 2844 Licet
562 2806 665 2862 repetam
679 2790 771 2854 iactas,
783 2801 833 2842 etc.
847 2790 981 2842 Botheus:
997 2788 1089 2839 «Licet.
1101 2786 1176 2851 Quid
1192 2785 1285 2840 enimi
1300 2785 1345 2839 sed
1357 2781 1429 2837 eliud

370 2875 427 2928 vnit
442 2872 569 2925 Octavia:
588 2891 649 2926 nam
667 2869 780 2922 Eiectrte
794 2881 891 2922 sortem
907 2868 958 2920 sihi
976 2879 1098 2936 exoptat,
1119 2879 1244 2938 tunquam
1265 2867 1351 2919 minus
1371 2883 1430 2934 gra·

325 2951 327 2956 ’
368 2973 438 3007 rem.
461 2950 616 3024 Legendum
638 2949 736 3024 igitur:
756 2949 830 3002 libans
848 2959 967 3019 repetam,
990 2959 1039 3000 ete.
1057 2945 1131 3018 Sespe
1151 2944 1351 3000 confunduntur
1372 2944 1430 2996 brec

370 3034 505 3088 rutabula.
519 3058 530 3080 ι

413 3133 455 3186 7⁰·
476 3111 575 3166 Senatu
587 3107 660 3164 rueas.¹
673 3109 750 3163 Both.
761 3109 826 3179 legit
838 3127 927 3172 meros,
941 3117 967 3161 et
980 3105 1073 3159 addit:
1088 3107 1170 3158 Recte
1184 3106 1221 3158 sio
1236 3105 1323 3158 Gran.
1338 3129 1351 3151 ι
1360 3114 1432 3165 erat,

371 3197 477 3266 inquit,
501 3193 641 3263 superstite
660 3193 742 3245 fratre
767 3186 876 3260 aliquod
901 3185 1066 3241 intervalium
1086 3185 1194 3250 lucum
1215 3185 1292 3238 'nunc
1311 3201 1381 3237 uuus
1406 3195 1433 3234 et

372 3287 515 3345 perpetuus
529 3287 574 3324 est.
589 3299 599 3320 e

413 3359 458 3424 74.
485 3354 577 3406 Cesset.
595 3350 668 3404 MSS.
687 3351 741 3402 iere
752 3366 853 3411 ornnes,
865 3361 945 3400 cesset.

414 3435 459 3485 82.
476 3431 593 3498 Sedsattt
608 3443 701 3499 regunt.
714 3427 791 3480 MSS.
810 3429 900 3492 8030,
914 3425 999 3493 8033,
1014 3424 1088 3480 8035
1099 3465 1106 3491 ‚
1119 3425 1163 3478 sed
1175 3435 1227 3478 rota
1241 3436 1335 3494 tegunt.
1355 3424 1431 3478 MSS.

375 3511 465 3575 8031,
482 3515 556 3566 8262
568 3549 575 3574 ‚
587 3513 695 3576 sedsata
710 3519 800 3576 tegunt.

414 3595 460 3658 89.
469 3591 566 3659 Spernit
574 3589 677 3660 Superas
686 3590 833 3658 hominesque
838 3587 917 3639 simui.
926 3585 990 3640 Peli.
997 3587 1191 3656 omnes‚sparnit
1196 3583 1316 3655 sunniae,
1327 3581 1435 3635 hroniies-

371 3670 500 3744 qaesinrri.
514 3672 625 3722 Constat
637 3668 746 3740 quidem
757 3684 857 3730 sensus,
868 3664 913 3720 sed
924 3685 978 3717 non
988 3667 1066 3719 etism
1078 3683 1176 3718 versus.
1187 3665 1293 3716 Primus
1305 3663 1435 3717 divinavit

373 3749 478 3802 Delrius
487 3752 590 3816 ‚spernit
601 3747 704 3819 Superos
714 3748 862 3818 hominesque
874 3746 946 3797 crinal
951 3765 960 3805 ,¹
971 3745 1039 3798 huuc
1053 3744 1133 3797 etiarn
1144 3743 1284 3796 lectionem
1294 3741 1397 3795 invenit
1406 3742 1434 3794 in

346 3823 349 3836 “
371 3829 431 3883 MS.
447 3828 599 3881 Coloniensi
612 3827 808 3882 Commelinust
818 3826 872 3878 nisi
882 3843 931 3877 nos
944 3824 1035 3876 faliunt
1049 3823 1128 3876 veriet
1140 3825 1196 3894 ejus
1209 3823 1352 3888 lectiones,
1369 3839 1436 3893 quss

371 3909 461 3963 ailerit
479 3905 513 3961 ati
527 3926 601 3960 orum
616 3907 678 3960 libri
692 3907 741 3960 sui.

419 4008 478 4042 roo.
498 3989 635 4041 Toleranda
651 3991 756 4060 quanvis
774 3989 865 4056 ptiar.
882 3983 969 4037 Gran.
994 3981 1126 4054 «Lipsius
1143 3981 1207 4053 legit
1227 3985 1329 4056 quaeris,
1348 3993 1379 4034 ut
1400 3981 1436 4034 sit

388 4087 480 4125 eursust
493 4068 590 4140 possim
607 4087 728 4121 coercere
743 4065 874 4128 animum,
890 4060 1007 4116 simodo
1022 4080 1054 4115 es
1072 4063 1175 4123 ierem,
1190 4081 1250 4133 ques
1263 4062 1331 4114 alius
1350 4061 1435 4114 ieret:

374 4163 400 4203 et
419 4147 510 4202 inadet
526 4148 642 4202 'Ditiriuu
667 4148 782 4201 Grutero
803 4163 857 4198 non
881 4141 987 4196 videtur
1000 4161 1086 4213 opus,
1103 4155 1134 4195 ut
1150 4141 1300 4195 dilabamur
1318 4140 1353 4194 sd
1372 4159 1438 4193 eon-
