3220 5128
393 556 919 627 ANIMADVERSIONES.
969 544 974 575 '¹
1142 579 1208 624 not

154 686 230 742 codd.
250 686 330 742 lectio
347 687 467 752 Alciden,
483 706 564 758 quum
579 687 685 759 vulgate
703 687 821 749 Ateium
835 705 893 757 quse
909 701 998 756 neque
1015 684 1133 738 Grutero
1155 686 1216 739 setis

155 768 262 839 placuit.

197 846 281 916 1599.
298 847 386 899 Leucis
404 865 435 898 att
443 845 545 916 pordm
559 846 713 899 Rectisrime
728 848 796 899 Diu.
810 844 953 915 Heinsius:
971 870 983 894 ι
996 845 1071 896 tessus
1083 842 1163 903 (unm
1176 845 1217 897 sio

153 926 253 997 vulgati
271 924 352 990 libri)
369 925 463 996 pcndm
483 943 533 995 pro
553 924 721 996 dependere,
739 926 781 978 rel
794 926 900 996 pondere
917 925 1071 994 designetur,
1093 934 1132 975 ert
1153 922 1215 994 plur

154 1024 234 1076 quem
248 1007 395 1066 σολοικίζιιν.
406 1005 460 1071 Qui
470 1005 541 1058 enim
550 1023 652 1058 meuses
665 1005 769 1076 aliquot
776 1005 932 1058 hellenismo
942 1022 1051 1076 opernm
1064 1001 1153 1066 dedit,
1171 1003 1213 1054 rel

155 1086 234 1138 etiem
246 1085 274 1137 in
288 1084 388 1139 Latinis
398 1103 474 1138 usum
484 1085 582 1150 hebet,
596 1087 670 1138 norit
681 1087 729 1138 lete
737 1123 744 1148 ‚
752 1086 828 1136 lassus
841 1087 967 1148 cervicem,
982 1082 1213 1149 innormatum,

155 1182 214 1235 quo
227 1179 280 1218 tem
296 1165 391 1217 crebro
404 1178 564 1229 occurrunt,
579 1162 633 1218 clici
647 1163 680 1218 de
696 1176 771 1230 toto,
787 1165 862 1234 cujus
880 1175 941 1217 suut
954 1174 1057 1234 pertes;
1076 1179 1135 1234 que
1151 1179 1214 1214 vero

156 1256 228 1297 extra
243 1256 319 1308 suut,
341 1244 430 1296 locum
443 1245 471 1296 in
491 1243 524 1296 iis
545 1243 643 1297 babere
656 1263 710 1296 non
725 1261 810 1314 posse.
833 1243 900 1308 Quis
914 1261 977 1314 ergo
989 1241 1075 1305 dicet,
1097 1240 1213 1312 aliquem

154 1340 210 1378 esre
222 1323 319 1376 lassum
331 1323 445 1394 pondus,
460 1335 504 1376 eut
519 1343 591 1382 onus,
605 1337 652 1376 sut
663 1327 802 1388 sarcinam,
820 1341 898 1394 quom
913 1321 1013 1393 gestat?
1032 1319 1214 1384 Mediocriter,

153 1401 278 1474 inqusm,
293 1401 365 1456 docti
379 1402 483 1466 sciunt,
497 1403 608 1474 intelligi
623 1404 651 1456 in
665 1403 721 1456 ictis
733 1403 869 1468 voculam,
882 1421 940 1474 quae
951 1402 1003 1454 hoc
1013 1420 1067 1453 non
1080 1399 1216 1463 admittit,

153 1493 179 1533 et
193 1480 227 1533 ed
244 1493 330 1535 totum
343 1483 439 1544 refert,
453 1479 526 1554 quod
540 1480 574 1535 de
585 1495 660 1554 purte
676 1481 782 1535 dicitur.
797 1507 808 1529 ·
832 1480 898 1547 Ques
918 1481 1017 1534 nollem
1037 1477 1217 1550 impugnanda

153 1560 203 1612 sibi
216 1560 387 1632 proposuisse
398 1562 511 1615 lercium
522 1561 687 1628 Pontrnum,
708 1575 735 1615 et
747 1562 826 1614 tacito
840 1560 948 1632 quidem
965 1559 1138 1629 suffragatore
1155 1559 1215 1627 ipso

155 1639 302 1694 Gronorio.
314 1640 381 1694 Nem
394 1641 499 1695 Delrius
512 1643 594 1695 verbo
606 1654 708 1695 tontum
719 1641 814 1712 probat
825 1643 853 1694 ri
865 1641 955 1702 lassus,
969 1637 1075 1710 dicique
1084 1635 1217 1690 existimet

154 1719 229 1771 lassus
235 1719 340 1790 pondus,
350 1732 381 1772 ut
393 1732 477 1792 captus
489 1733 602 1785 mentem,
614 1714 737 1792 ἀρ’χαῖκῶς
750 1721 856 1774 scilicet.
869 1721 925 1774 Nec
936 1731 1025 1772 temen
1038 1730 1177 1789 propterea
1189 1717 1216 1768 in

152 1799 195 1868 jur
208 1798 343 1852 vocandus
356 1799 413 1868 ipse
425 1801 569 1872 Trogicus,
589 1801 634 1872 qui
649 1802 757 1872 repulit
769 1801 908 1865 hocloco,
922 1812 951 1852 ut
963 1798 1021 1851 eliis
1034 1817 1087 1850 non
1105 1798 1213 1868 prucis,

154 1876 332 1932 eruditissimo
343 1879 465 1946 Danieli;
480 1879 526 1933 sed
539 1880 722 1951 recipiendum
734 1900 767 1934 ex
780 1877 896 1934 editione
909 1878 998 1934 Caroli
1013 1875 1145 1932 Ferunndi
1154 1877 1217 1928 Pat-

153 1976 200 2019 sus,
215 1956 289 2028 qnod
303 1957 344 2010 vel
358 1958 572 2031 interpretaberis
584 1961 720 2030 ἀορίστως,
734 1958 869 2032 quomodo
885 1958 1004 2032 perfecta
1015 1957 1138 2028 usurpari
1148 1975 1217 2009 nou·
1265 2011 1275 2038 Ι

153 2055 300 2109 numquam
313 2037 413 2091 Letinir
425 2037 503 2092 docet
513 2039 670 2092 Veclsnerur
683 2040 846 2092 Hellenolex.
865 2059 889 2102 r,
902 2059 932 2104 n,
947 2043 996 2102 td,
1014 2037 1168 2106 3,quieum
1179 2035 1214 2088 cf.

153 2133 232 2186 supra
247 2120 315 2187 672,
333 2120 423 2188 Agim.
441 2119 495 2183 84,
514 2118 601 2172 Gron.
618 2117 653 2172 ed
672 2119 754 2191 Hipp.
773 2121 847 2189 984,
869 2119 924 2170 Nos
940 2115 973 2169 ed
987 2114 1087 2169 Troud.
1104 2116 1175 2184 567,
1190 2127 1216 2167 et

154 2195 240 2248 Plauti
253 2196 336 2250 Stich.
349 2215 406 2268 717
416 2216 424 2262 ;
435 2200 477 2250 rel
490 2196 592 2251 dictum
607 2199 711 2268 putabis
721 2218 770 2270 pro
787 2200 886 2250 Patiens
895 2215 943 2267 per
956 2196 1104 2265 enallrgcn,
1121 2194 1215 2265 quein

154 2273 195 2328 lrir
205 2275 323 2346 Magnum
335 2280 357 2328 ti
363 2288 459 2346 pectore
466 2289 547 2348 posset
557 2279 697 2330 Excussisse
705 2278 791 2342 deum,
805 2276 833 2329 id
845 2289 900 2335 est,
915 2278 1055 2338 Excutere,
1066 2292 1142 2326 usum
1155 2274 1218 2325 Vir-

154 2353 246 2422 gilium
260 2367 351 2408 monet
363 2355 477 2410 Servius.
494 2357 593 2410 Contra
603 2375 717 2426 praesens
734 2375 784 2427 pro
796 2356 916 2408 Perfecto
929 2367 1084 2424 usurpatum
1099 2352 1168 2405 infra
1180 2364 1219 2406 est

159 2437 243 2501 1884,
267 2434 312 2488 nbi
330 2447 440 2487 nascente
460 2436 529 2490 volet
548 2447 623 2499 ncta,
647 2437 696 2507 qui
716 2437 779 2489 item
800 2435 980 2488 hellenismus.
999 2431 1063 2484 Vid.
1083 2429 1117 2484 ed
1138 2431 1216 2484 llere.

156 2511 218 2567 Fur.
236 2515 418 2569 udeorn.

198 2596 277 2647 rtioo.
295 2595 421 2647 Tremuere
433 2595 529 2647 Manes.
547 2595 778 2660 8032‚1tmumm.
793 2594 848 2647 vix
860 2589 1019 2646 indicandus
1034 2608 1118 2643 error.

197 2675 278 2727 1603.
295 2674 377 2726 Venit.
387 2675 444 2726 MS.
457 2674 547 2739 8035,
564 2679 649 2728 veniet.

197 2757 278 2816 1604.
292 2753 450 2824 Homeritque
465 2755 520 2806 tela.
533 2753 609 2808 MSS.
625 2751 735 2824 quidem
748 2753 887 2823 humilisque
898 2751 955 2804 tela·

198 2837 281 2886 1611.
303 2833 416 2886 Ostendit
435 2833 492 2897 ille,
509 2837 549 2905 qui
569 2834 613 2886 sub
628 2834 672 2886 boc
686 2833 773 2884 tumido
792 2833 917 2884 Hercules.
937 2829 1014 2883 MSS.
1034 2845 1127 2881 omnes
1147 2828 1217 2891 fere,

159 2911 213 2964 Ort.
223 2915 241 2966 i.
254 2933 278 2984 q.
290 2933 312 2964 r.
320 2933 404 2965 occasu
417 2913 541 2967 Hercules.
555 2912 641 2979 8035,
653 2913 767 2964 Herculis
776 2931 826 2983 pro
835 2911 961 2964 Hercules.
974 2901 1174 3039 Sceligupnuolet
1188 2910 1215 2959 τὸ

157 2990 212 3051 tlte,
236 2991 310 3064 quod
324 2991 473 3058 antecedit,
490 2990 628 3063 designare
647 2993 733 3062 ipsum
756 2992 917 3044 Herculem:
943 3003 969 3043 et
986 2988 1047 3041 ideo
1065 2989 1073 3039 i
1105 2999 1220 3057 portune

156 3069 245 3123 iteruri
261 3071 390 3137 Hercules,
400 3071 445 3125 sed
457 3070 627 3124 scribendum
636 3071 750 3122 Herculis
760 3088 769 3118 .·
778 3085 805 3123 et
816 3071 885 3123 hsnc
897 3069 1018 3140 pusillum
1027 3066 1149 3118 mendum
1161 3085 1217 3117 non

156 3151 230 3218 perri
247 3153 386 3204 momenti.
410 3177 421 3198 ι
437 3152 537 3203 Verum
558 3151 614 3204 hoec
633 3149 742 3222 quidem
763 3169 830 3215 rot,
846 3146 1032 3202 animadvertit
1045 3146 1217 3207 Gronovius,

156 3229 223 3282 nihil
245 3231 326 3283 babet
344 3229 402 3283 vitii
419 3252 425 3282 ε
449 3229 495 3283 sed
510 3232 589 3301 longe
605 3231 752 3302 graviorem
767 3231 847 3282 totius
865 3229 918 3280 loci
935 3228 1007 3279 luem
1021 3224 1127 3294 detegit.
1145 3224 1220 3277 Flor.

161 3309 236 3362 -Sub
251 3311 303 3363 boc
319 3308 420 3364 mundo
438 3310 565 3362 Hercules
578 3310 697 3362 immune
711 3309 784 3366 rinei
801 3308 898 3379 linquit
918 3325 952 3359 eu
973 3303 1072 3357 doniitc
1086 3303 1184 3355 omnia.
1202 3329 1213 3350 ι

159 3388 250 3442 Scribe
265 3389 364 3460 igitur:
387 3416 397 3437 ι
410 3390 455 3461 qui
470 3389 519 3442 sub
533 3388 703 3443 boemundo
717 3389 844 3442 Hercules
856 3390 971 3440 immune
984 3385 1022 3437 nil
1037 3383 1159 3454 reliquit,
1175 3382 1216 3434 En

157 3464 257 3522 domito
270 3469 368 3522 omnic.
389 3494 400 3516 ι

199 3552 281 3602 1612.
297 3549 403 3602 Immrme
412 3549 449 3599 m'l
458 3549 554 3620 reliquit
565 3561 574 3592 ··
586 3567 615 3599 en
627 3547 717 3600 clamita
731 3551 818 3599 omnia.
832 3545 910 3599 MSS.
923 3561 1028 3606 omnes,
1041 3561 1094 3594 uno
1108 3553 1220 3612 excepto

160 3629 246 3692 80²8,
258 3628 305 3700 qui
316 3629 397 3680 decuit
406 3629 524 3698 praebet:
539 3628 636 3680 Virtute
647 3632 714 3680 vinci
726 3627 841 3678 indomita
851 3626 932 3680 docuit
941 3627 1028 3676 omniu.

198 3711 283 3772 ιδιά.
302 3708 378 3778 Quod
395 3727 467 3759 utitem
485 3711 510 3758 in
523 3707 579 3759 orbe
591 3711 685 3760 vicerat
697 3707 800 3759 osredum
814 3707 911 3759 malum.
926 3704 1022 3756 Misere
1034 3701 1169 3766 conditio,
1183 3701 1219 3754 eit

159 3785 279 3841 Gronov.
303 3787 443 3840 hominum
467 3786 605 3840 doctorum
626 3787 654 3838 in
675 3785 807 3856 corruptis
831 3781 992 3854 explicandis
1014 3781 1220 3852 ingeniosorum.

159 3864 272 3938 Scaliger
291 3866 370 3937 fingit
388 3866 438 3919 sibi
457 3885 544 3918 rorem
565 3866 743 3930 locutionem,
758 3869 840 3917 venire
857 3867 881 3916 in
905 3863 960 3915 orbe
980 3882 1031 3914 cnm
1049 3862 1143 3931 aligero,
1170 3881 1220 3930 pro

160 3963 274 4017 pugnare
288 3963 295 3997 ε
309 3959 336 3999 et
348 3947 486 4017 investiget
502 3945 648 4008 rationem,
667 3945 740 4016 quusi
755 3964 769 3997 r
785 3943 891 3998 duobus
905 3943 1040 4016 pugilibus
1053 3942 1092 3993 sic
1107 3939 1218 4003 dicutur,

158 4026 202 4094 qui
216 4045 243 4078 se
256 4027 323 4078 orbe
341 4039 385 4078 rut
404 4026 480 4078 lineis
493 4025 762 4094 circumscripserint,
775 4043 840 4096 quas
860 4024 971 4076 transire
994 4039 1048 4072 non
1072 4021 1156 4072 licent.
1171 4021 1220 4070 so·

159 4105 258 4158 mnium
272 4123 384 4158 merum.
397 4106 514 4158 Florent.
525 4105 696 4175 simpliciter,
720 4109 812 4157 vicerat
827 4105 939 4157 norm.
956 4102 1027 4171 Ergo
1044 4104 1069 4152 ia
1086 4098 1141 4150 orbe
1156 4109 1222 4167 puto

160 4193 295 4239 tenerum.
314 4185 390 4240 MSS.
406 4204 498 4238 omnes
516 4203 564 4254 pro
576 4188 668 4236 vireret
684 4183 745 4238 daut
763 4168 883 4237 deterrunt.
994 4219 996 4224 ,
