<?xml version="1.0" encoding="UTF-8"?>
<!DOCTYPE html PUBLIC "-//W3C//DTD XHTML 1.0 Transitional//EN"
    "http://www.w3.org/TR/xhtml1/DTD/xhtml1-transitional.dtd">
<html xmlns="http://www.w3.org/1999/xhtml" xml:lang="en" lang="en">
 <head>
  <title>
</title>
<meta http-equiv="Content-Type" content="text/html;charset=utf-8" />
  <meta name='ocr-system' content='tesseract 3.04.00' />
  <meta name='ocr-capabilities' content='ocr_page ocr_carea ocr_par ocr_line ocrx_word'/>
</head>
<body>
  <div class='ocr_page' id='page_1' title='image "./lannsenecparste00piergoog/lannsenecparste00piergoog_0063.png"; bbox 0 0 3130 5108; ppageno 0'>
   <div class='ocr_carea' id='block_1_1' title="bbox 293 549 1197 632">
    <p class='ocr_par' dir='ltr' id='par_1_1' title="bbox 293 549 1197 632">
     <span class='ocr_line' id='line_1_1' title="bbox 293 549 1197 632; baseline 0.011 -10"><span class='ocrx_word' id='word_1_1' title='bbox 293 556 570 625; x_wconf 88' lang='lat' dir='ltr'>HERCULES</span> <span class='ocrx_word' id='word_1_2' title='bbox 596 557 807 626; x_wconf 78' lang='lat' dir='ltr'><strong>Oli&#39;l&#39;AEUS.</strong></span> <span class='ocrx_word' id='word_1_3' title='bbox 834 549 944 629; x_wconf 89' lang='lat' dir='ltr'><strong>ACT.</strong></span> <span class='ocrx_word' id='word_1_4' title='bbox 969 562 1045 628; x_wconf 92' lang='lat' dir='ltr'>III.</span> <span class='ocrx_word' id='word_1_5' title='bbox 1157 562 1197 632; x_wconf 73' lang='lat'><strong>51</strong></span> 
     </span>
    </p>
   </div>
   <div class='ocr_carea' id='block_1_2' title="bbox 141 663 1178 997">
    <p class='ocr_par' dir='ltr' id='par_1_2' title="bbox 141 663 1178 997">
     <span class='ocr_line' id='line_1_2' title="bbox 141 663 958 775; baseline 0.006 -28"><span class='ocrx_word' id='word_1_6' title='bbox 141 677 143 680; x_wconf 64' lang='grc'><strong>’</strong></span> <span class='ocrx_word' id='word_1_7' title='bbox 178 680 370 748; x_wconf 86' lang='lat' dir='ltr'>Commune</span> <span class='ocrx_word' id='word_1_8' title='bbox 387 679 484 747; x_wconf 91' lang='lat' dir='ltr'><strong>terris</strong></span> <span class='ocrx_word' id='word_1_9' title='bbox 502 663 802 775; x_wconf 85' lang='lat' dir='ltr'><strong>omnibuspateris</strong></span> <span class='ocrx_word' id='word_1_10' title='bbox 822 681 958 753; x_wconf 88' lang='lat' dir='ltr'><strong>malurn.</strong></span> 
     </span>
     <span class='ocr_line' id='line_1_3' title="bbox 178 790 1068 884; baseline 0.007 -26"><span class='ocrx_word' id='word_1_11' title='bbox 178 792 327 858; x_wconf 90' lang='lat' dir='ltr'><strong>Luctum</strong></span> <span class='ocrx_word' id='word_1_12' title='bbox 346 790 517 883; x_wconf 81' lang='lat' dir='ltr'>occupasti</span> <span class='ocrx_word' id='word_1_13' title='bbox 537 815 545 857; x_wconf 74' lang='grc' dir='ltr'><strong>ε</strong></span> <span class='ocrx_word' id='word_1_14' title='bbox 566 791 697 884; x_wconf 86' lang='lat' dir='ltr'><strong>prima,</strong></span> <span class='ocrx_word' id='word_1_15' title='bbox 714 816 783 860; x_wconf 91' lang='lat' dir='ltr'><strong>non</strong></span> <span class='ocrx_word' id='word_1_16' title='bbox 803 791 871 862; x_wconf 92' lang='lat' dir='ltr'><strong>sola</strong></span> <span class='ocrx_word' id='word_1_17' title='bbox 891 793 1068 864; x_wconf 83' lang='lat' dir='ltr'><strong>Herculem</strong></span> 
     </span>
     <span class='ocr_line' id='line_1_4' title="bbox 178 899 1178 997; baseline 0.011 -31"><span class='ocrx_word' id='word_1_18' title='bbox 178 899 371 968; x_wconf 81' lang='lat' dir='ltr'><strong>Miseranda</strong></span> <span class='ocrx_word' id='word_1_19' title='bbox 387 924 518 968; x_wconf 86' lang='lat' dir='ltr'><strong>moeres.</strong></span> <span class='ocrx_word' id='word_1_20' title='bbox 538 923 660 969; x_wconf 73' lang='lat' dir='ltr'><strong>nmen.</strong></span> <span class='ocrx_word' id='word_1_21' title='bbox 676 903 787 992; x_wconf 88' lang='lat' dir='ltr'><strong>Quam</strong></span> <span class='ocrx_word' id='word_1_22' title='bbox 803 926 909 997; x_wconf 91' lang='lat' dir='ltr'><strong>prope</strong></span> <span class='ocrx_word' id='word_1_23' title='bbox 924 928 943 972; x_wconf 87' lang='lat' dir='ltr'><strong>a</strong></span> <span class='ocrx_word' id='word_1_24' title='bbox 962 903 1029 974; x_wconf 84' lang='lat' dir='ltr'><strong>leto</strong></span> <span class='ocrx_word' id='word_1_25' title='bbox 1047 920 1178 992; x_wconf 79' lang='lat' dir='ltr'><strong>tamen,</strong></span> 
     </span>
    </p>
   </div>
   <div class='ocr_carea' id='block_1_3' title="bbox 175 1007 1205 2294">
    <p class='ocr_par' dir='ltr' id='par_1_3' title="bbox 177 1007 1205 1435">
     <span class='ocr_line' id='line_1_5' title="bbox 179 1007 1205 1104; baseline -0.001 -26"><span class='ocrx_word' id='word_1_26' title='bbox 179 1009 271 1096; x_wconf 84' lang='lat' dir='ltr'><strong>Ede,</strong></span> <span class='ocrx_word' id='word_1_27' title='bbox 289 1009 361 1096; x_wconf 88' lang='lat' dir='ltr'><strong>ede,</strong></span> <span class='ocrx_word' id='word_1_28' title='bbox 377 1035 500 1104; x_wconf 68' lang='lat' dir='ltr'><strong>quaeso,</strong></span> <span class='ocrx_word' id='word_1_29' title='bbox 515 1009 624 1102; x_wconf 86' lang='lat' dir='ltr'><strong>jaceat</strong></span> <span class='ocrx_word' id='word_1_30' title='bbox 643 1007 775 1081; x_wconf 84' lang='lat' dir='ltr'><strong>Alcides</strong></span> <span class='ocrx_word' id='word_1_31' title='bbox 794 1037 897 1081; x_wconf 89' lang='lat' dir='ltr'><strong>rneus.</strong></span> <span class='ocrx_word' id='word_1_32' title='bbox 1165 1039 1205 1094; x_wconf 66' lang='grc' dir='ltr'><strong>,σε</strong></span> 
     </span>
     <span class='ocr_line' id='line_1_6' title="bbox 179 1119 1100 1220; baseline 0.007 -30"><span class='ocrx_word' id='word_1_33' title='bbox 179 1144 265 1190; x_wconf 78' lang='lat' dir='ltr'><strong>nnn.</strong></span> <span class='ocrx_word' id='word_1_34' title='bbox 282 1125 376 1191; x_wconf 91' lang='lat' dir='ltr'><strong>Mors</strong></span> <span class='ocrx_word' id='word_1_35' title='bbox 392 1121 516 1215; x_wconf 83' lang='lat' dir='ltr'><strong>refugit</strong></span> <span class='ocrx_word' id='word_1_36' title='bbox 534 1119 647 1205; x_wconf 86' lang='lat' dir='ltr'><strong>illum,</strong></span> <span class='ocrx_word' id='word_1_37' title='bbox 665 1121 752 1190; x_wconf 90' lang='lat' dir='ltr'><strong>victa</strong></span> <span class='ocrx_word' id='word_1_38' title='bbox 771 1146 844 1216; x_wconf 82' lang='lat' dir='ltr'><strong>quae</strong></span> <span class='ocrx_word' id='word_1_39' title='bbox 865 1125 898 1191; x_wconf 96' lang='lat' dir='ltr'><strong>in</strong></span> <span class='ocrx_word' id='word_1_40' title='bbox 918 1149 1021 1220; x_wconf 88' lang='lat' dir='ltr'><strong>regno</strong></span> <span class='ocrx_word' id='word_1_41' title='bbox 1039 1151 1100 1196; x_wconf 89' lang='lat' dir='ltr'><strong>suo</strong></span> 
     </span>
     <span class='ocr_line' id='line_1_7' title="bbox 178 1227 1034 1304; baseline 0.007 -6"><span class='ocrx_word' id='word_1_42' title='bbox 178 1227 286 1298; x_wconf 88' lang='lat' dir='ltr'><strong>Semel</strong></span> <span class='ocrx_word' id='word_1_43' title='bbox 309 1243 383 1299; x_wconf 88' lang='lat' dir='ltr'><strong>est:</strong></span> <span class='ocrx_word' id='word_1_44' title='bbox 400 1254 461 1299; x_wconf 91' lang='lat' dir='ltr'><strong>uec</strong></span> <span class='ocrx_word' id='word_1_45' title='bbox 479 1229 606 1300; x_wconf 88' lang='lat' dir='ltr'><strong>audent</strong></span> <span class='ocrx_word' id='word_1_46' title='bbox 623 1230 689 1299; x_wconf 89' lang='lat' dir='ltr'><strong>fata</strong></span> <span class='ocrx_word' id='word_1_47' title='bbox 706 1245 775 1300; x_wconf 87' lang='lat' dir='ltr'><strong>tarn</strong></span> <span class='ocrx_word' id='word_1_48' title='bbox 793 1247 924 1302; x_wconf 86' lang='lat' dir='ltr'><strong>vastum</strong></span> <span class='ocrx_word' id='word_1_49' title='bbox 942 1235 1034 1304; x_wconf 75' lang='lat' dir='ltr'><strong>nefas</strong></span> 
     </span>
     <span class='ocr_line' id='line_1_8' title="bbox 177 1339 918 1435; baseline 0.005 -27"><span class='ocrx_word' id='word_1_50' title='bbox 177 1339 388 1409; x_wconf 90' lang='lat' dir='ltr'><strong>Admittere:</strong></span> <span class='ocrx_word' id='word_1_51' title='bbox 406 1339 494 1434; x_wconf 90' lang='lat' dir='ltr'><strong>ipsas</strong></span> <span class='ocrx_word' id='word_1_52' title='bbox 515 1339 654 1409; x_wconf 80' lang='lat' dir='ltr'><strong>forsitan</strong></span> <span class='ocrx_word' id='word_1_53' title='bbox 675 1341 805 1435; x_wconf 91' lang='lat' dir='ltr'><strong>trepida</strong></span> <span class='ocrx_word' id='word_1_54' title='bbox 827 1341 918 1412; x_wconf 92' lang='lat' dir='ltr'><strong>colos</strong></span> 
     </span>
    </p>

    <p class='ocr_par' dir='ltr' id='par_1_4' title="bbox 178 1449 955 1544">
     <span class='ocr_line' id='line_1_9' title="bbox 178 1449 955 1544; baseline 0.001 -24"><span class='ocrx_word' id='word_1_55' title='bbox 178 1449 303 1520; x_wconf 91' lang='lat' dir='ltr'><strong>Clotho</strong></span> <span class='ocrx_word' id='word_1_56' title='bbox 321 1475 425 1520; x_wconf 89' lang='lat' dir='ltr'><strong>mauu</strong></span> <span class='ocrx_word' id='word_1_57' title='bbox 443 1451 602 1544; x_wconf 86' lang='lat' dir='ltr'><strong>projecit,</strong></span> <span class='ocrx_word' id='word_1_58' title='bbox 623 1465 656 1520; x_wconf 84' lang='lat' dir='ltr'><strong>et</strong></span> <span class='ocrx_word' id='word_1_59' title='bbox 679 1451 783 1520; x_wconf 84' lang='lat' dir='ltr'><strong>fatum</strong></span> <span class='ocrx_word' id='word_1_60' title='bbox 803 1451 955 1522; x_wconf 83' lang='lat' dir='ltr'><strong>Herculis</strong></span> 
     </span>
    </p>

    <p class='ocr_par' dir='ltr' id='par_1_5' title="bbox 177 1558 1204 1765">
     <span class='ocr_line' id='line_1_10' title="bbox 177 1558 1204 1654; baseline 0 -26"><span class='ocrx_word' id='word_1_61' title='bbox 177 1560 292 1628; x_wconf 87' lang='lat' dir='ltr'><strong>Timet</strong></span> <span class='ocrx_word' id='word_1_62' title='bbox 310 1583 492 1654; x_wconf 80' lang='lat' dir='ltr'><strong>peragere:</strong></span> <span class='ocrx_word' id='word_1_63' title='bbox 511 1560 598 1654; x_wconf 91' lang='lat' dir='ltr'><strong>proh</strong></span> <span class='ocrx_word' id='word_1_64' title='bbox 615 1558 909 1631; x_wconf 84' lang='lat' dir='ltr'><strong>diemlinfundum</strong></span> <span class='ocrx_word' id='word_1_65' title='bbox 928 1562 1039 1634; x_wconf 89' lang='lat' dir='ltr'><strong>diem!</strong></span> <span class='ocrx_word' id='word_1_66' title='bbox 1164 1603 1204 1644; x_wconf 72' lang='lat'><strong>77⁰</strong></span> 
     </span>
     <span class='ocr_line' id='line_1_11' title="bbox 177 1669 938 1765; baseline 0.005 -27"><span class='ocrx_word' id='word_1_67' title='bbox 177 1673 298 1739; x_wconf 88' lang='lat' dir='ltr'><strong>Hoene</strong></span> <span class='ocrx_word' id='word_1_68' title='bbox 320 1669 375 1739; x_wconf 92' lang='lat' dir='ltr'><strong>ille</strong></span> <span class='ocrx_word' id='word_1_69' title='bbox 393 1695 524 1740; x_wconf 87' lang='lat' dir='ltr'><strong>summo</strong></span> <span class='ocrx_word' id='word_1_70' title='bbox 543 1696 683 1765; x_wconf 88' lang='lat' dir='ltr'><strong>magnus</strong></span> <span class='ocrx_word' id='word_1_71' title='bbox 701 1670 833 1741; x_wconf 87' lang='lat' dir='ltr'><strong>Alcides</strong></span> <span class='ocrx_word' id='word_1_72' title='bbox 851 1674 938 1742; x_wconf 82' lang='lat' dir='ltr'><strong>erit?</strong></span> 
     </span>
    </p>

    <p class='ocr_par' dir='ltr' id='par_1_6' title="bbox 176 1781 1107 1987">
     <span class='ocr_line' id='line_1_12' title="bbox 178 1781 1107 1880; baseline 0.006 -31"><span class='ocrx_word' id='word_1_73' title='bbox 178 1805 304 1850; x_wconf 79' lang='lat' dir='ltr'><strong>neren.</strong></span> <span class='ocrx_word' id='word_1_74' title='bbox 324 1781 376 1851; x_wconf 93' lang='lat' dir='ltr'><strong>Ad</strong></span> <span class='ocrx_word' id='word_1_75' title='bbox 397 1781 463 1849; x_wconf 86' lang='lat' dir='ltr'><strong>futu</strong></span> <span class='ocrx_word' id='word_1_76' title='bbox 481 1796 515 1849; x_wconf 91' lang='lat' dir='ltr'><strong>et</strong></span> <span class='ocrx_word' id='word_1_77' title='bbox 537 1781 689 1868; x_wconf 89' lang='lat' dir='ltr'><strong>umbras,</strong></span> <span class='ocrx_word' id='word_1_78' title='bbox 707 1796 808 1876; x_wconf 83' lang='lat' dir='ltr'><strong>atque</strong></span> <span class='ocrx_word' id='word_1_79' title='bbox 825 1783 973 1877; x_wconf 89' lang='lat' dir='ltr'><strong>pejorem</strong></span> <span class='ocrx_word' id='word_1_80' title='bbox 992 1783 1107 1880; x_wconf 85' lang='lat' dir='ltr'><strong>polum</strong></span> 
     </span>
     <span class='ocr_line' id='line_1_13' title="bbox 176 1891 938 1987; baseline 0.001 -26"><span class='ocrx_word' id='word_1_81' title='bbox 176 1891 369 1962; x_wconf 85' lang='lat' dir='ltr'><strong>Praecedere</strong></span> <span class='ocrx_word' id='word_1_82' title='bbox 393 1891 485 1960; x_wconf 89' lang='lat' dir='ltr'><strong>illum</strong></span> <span class='ocrx_word' id='word_1_83' title='bbox 505 1891 609 1962; x_wconf 85' lang='lat' dir='ltr'><strong>dicis?</strong></span> <span class='ocrx_word' id='word_1_84' title='bbox 624 1917 667 1961; x_wconf 90' lang='lat' dir='ltr'><strong>an</strong></span> <span class='ocrx_word' id='word_1_85' title='bbox 688 1917 824 1987; x_wconf 91' lang='lat' dir='ltr'><strong>possum</strong></span> <span class='ocrx_word' id='word_1_86' title='bbox 845 1896 938 1987; x_wconf 87' lang='lat' dir='ltr'><strong>prior</strong></span> 
     </span>
    </p>

    <p class='ocr_par' dir='ltr' id='par_1_7' title="bbox 176 2002 1012 2097">
     <span class='ocr_line' id='line_1_14' title="bbox 176 2002 1012 2097; baseline 0 -23"><span class='ocrx_word' id='word_1_87' title='bbox 176 2007 326 2074; x_wconf 89' lang='lat' dir='ltr'><strong>Mortem</strong></span> <span class='ocrx_word' id='word_1_88' title='bbox 346 2004 537 2097; x_wconf 84' lang='lat' dir='ltr'><strong>occupare?</strong></span> <span class='ocrx_word' id='word_1_89' title='bbox 555 2002 641 2089; x_wconf 84' lang='lat' dir='ltr'><strong>fare,</strong></span> <span class='ocrx_word' id='word_1_90' title='bbox 660 2003 688 2072; x_wconf 91' lang='lat' dir='ltr'><strong>si</strong></span> <span class='ocrx_word' id='word_1_91' title='bbox 707 2003 859 2072; x_wconf 88' lang='lat' dir='ltr'><strong>nondum</strong></span> <span class='ocrx_word' id='word_1_92' title='bbox 877 2004 1012 2074; x_wconf 83' lang='lat' dir='ltr'><strong>occidit.</strong></span> 
     </span>
    </p>

    <p class='ocr_par' dir='ltr' id='par_1_8' title="bbox 175 2109 1203 2294">
     <span class='ocr_line' id='line_1_15' title="bbox 176 2109 1203 2193; baseline -0.004 -10"><span class='ocrx_word' id='word_1_93' title='bbox 176 2138 263 2183; x_wconf 78' lang='lat' dir='ltr'><strong>ure.</strong></span> <span class='ocrx_word' id='word_1_94' title='bbox 291 2114 440 2183; x_wconf 87' lang='lat' dir='ltr'><strong>Euboica</strong></span> <span class='ocrx_word' id='word_1_95' title='bbox 458 2109 555 2182; x_wconf 91' lang='lat' dir='ltr'><strong>tellus</strong></span> <span class='ocrx_word' id='word_1_96' title='bbox 577 2115 700 2182; x_wconf 89' lang='lat' dir='ltr'><strong>vertice</strong></span> <span class='ocrx_word' id='word_1_97' title='bbox 719 2115 881 2183; x_wconf 89' lang='lat' dir='ltr'><strong>immenso</strong></span> <span class='ocrx_word' id='word_1_98' title='bbox 899 2130 1031 2185; x_wconf 86' lang='lat' dir='ltr'><strong>tumens</strong></span> <span class='ocrx_word' id='word_1_99' title='bbox 1166 2142 1203 2193; x_wconf 67' lang='lat'><strong>77⁵</strong></span> 
     </span>
     <span class='ocr_line' id='line_1_16' title="bbox 175 2223 895 2294; baseline 0 -2"><span class='ocrx_word' id='word_1_100' title='bbox 175 2223 337 2294; x_wconf 83' lang='lat' dir='ltr'><strong>Pulsatur</strong></span> <span class='ocrx_word' id='word_1_101' title='bbox 358 2225 449 2292; x_wconf 90' lang='lat' dir='ltr'><strong>omni</strong></span> <span class='ocrx_word' id='word_1_102' title='bbox 474 2223 585 2293; x_wconf 90' lang='lat' dir='ltr'><strong>latere.</strong></span> <span class='ocrx_word' id='word_1_103' title='bbox 603 2225 784 2294; x_wconf 79' lang='lat' dir='ltr'><strong>Phrixeum</strong></span> <span class='ocrx_word' id='word_1_104' title='bbox 804 2249 895 2294; x_wconf 90' lang='lat' dir='ltr'><strong>mare</strong></span> 
     </span>
    </p>
   </div>
   <div class='ocr_carea' id='block_1_4' title="bbox 130 2462 1212 3654">
    <p class='ocr_par' dir='ltr' id='par_1_9' title="bbox 130 2462 1212 3571">
     <span class='ocr_line' id='line_1_17' title="bbox 167 2462 1196 2536; baseline 0.003 -19"><span class='ocrx_word' id='word_1_105' title='bbox 167 2467 236 2536; x_wconf 74' lang='lat'>766.</span> <span class='ocrx_word' id='word_1_106' title='bbox 251 2464 334 2518; x_wconf 78' lang='lat' dir='ltr'><strong>Victa.</strong></span> <span class='ocrx_word' id='word_1_107' title='bbox 350 2465 392 2516; x_wconf 87' lang='lat' dir='ltr'><strong>Ab</strong></span> <span class='ocrx_word' id='word_1_108' title='bbox 414 2463 507 2516; x_wconf 85' lang='lat' dir='ltr'><strong>eodem</strong></span> <span class='ocrx_word' id='word_1_109' title='bbox 527 2462 642 2517; x_wconf 83' lang='lat' dir='ltr'><strong>Hercule</strong></span> <span class='ocrx_word' id='word_1_110' title='bbox 728 2483 795 2535; x_wconf 87' lang='lat'>77¹·</span> <span class='ocrx_word' id='word_1_111' title='bbox 807 2465 892 2516; x_wconf 82' lang='lat' dir='ltr'><strong>Home</strong></span> <span class='ocrx_word' id='word_1_112' title='bbox 900 2465 941 2516; x_wconf 73' lang='lat' dir='ltr'><strong>itte</strong></span> <span class='ocrx_word' id='word_1_113' title='bbox 953 2482 1052 2528; x_wconf 82' lang='lat' dir='ltr'><strong>summo,</strong></span> <span class='ocrx_word' id='word_1_114' title='bbox 1060 2475 1110 2516; x_wconf 91' lang='lat' dir='ltr'><strong>etc:</strong></span> <span class='ocrx_word' id='word_1_115' title='bbox 1123 2466 1196 2520; x_wconf 82' lang='lat' dir='ltr'><strong>Num</strong></span> 
     </span>
     <span class='ocr_line' id='line_1_18' title="bbox 131 2542 1196 2613; baseline -0.002 -14"><span class='ocrx_word' id='word_1_116' title='bbox 131 2545 162 2598; x_wconf 87' lang='lat' dir='ltr'><strong>ad</strong></span> <span class='ocrx_word' id='word_1_117' title='bbox 172 2546 276 2598; x_wconf 84' lang='lat' dir='ltr'><strong>inferos</strong></span> <span class='ocrx_word' id='word_1_118' title='bbox 285 2542 644 2598; x_wconf 76' lang='lat' dir='ltr'><strong>descendente-Aduolat</strong></span> <span class='ocrx_word' id='word_1_119' title='bbox 685 2543 730 2596; x_wconf 88' lang='lat' dir='ltr'><strong>hie</strong></span> <span class='ocrx_word' id='word_1_120' title='bbox 744 2561 879 2608; x_wconf 83' lang='lat' dir='ltr'><strong>summus,</strong></span> <span class='ocrx_word' id='word_1_121' title='bbox 894 2543 1002 2596; x_wconf 75' lang='lat' dir='ltr'><strong>ultimus</strong></span> <span class='ocrx_word' id='word_1_122' title='bbox 1013 2545 1063 2596; x_wconf 90' lang='lat' dir='ltr'><strong>erit</strong></span> <span class='ocrx_word' id='word_1_123' title='bbox 1077 2543 1196 2613; x_wconf 88' lang='lat' dir='ltr'><strong>dierum,</strong></span> 
     </span>
     <span class='ocr_line' id='line_1_19' title="bbox 132 2622 1198 2698; baseline 0.003 -22"><span class='ocrx_word' id='word_1_124' title='bbox 132 2625 263 2698; x_wconf 76' lang='lat' dir='ltr'><strong>interpres</strong></span> <span class='ocrx_word' id='word_1_125' title='bbox 277 2624 402 2694; x_wconf 85' lang='lat' dir='ltr'><strong>gallicus,</strong></span> <span class='ocrx_word' id='word_1_126' title='bbox 416 2636 501 2676; x_wconf 91' lang='lat' dir='ltr'><strong>totum</strong></span> <span class='ocrx_word' id='word_1_127' title='bbox 517 2624 589 2675; x_wconf 83' lang='lat' dir='ltr'><strong>hunc</strong></span> <span class='ocrx_word' id='word_1_128' title='bbox 602 2623 642 2676; x_wconf 91' lang='lat' dir='ltr'><strong>lo·</strong></span> <span class='ocrx_word' id='word_1_129' title='bbox 686 2640 809 2694; x_wconf 76' lang='lat' dir='ltr'><strong>perquer</strong></span> <span class='ocrx_word' id='word_1_130' title='bbox 816 2622 1078 2688; x_wconf 82' lang='lat' dir='ltr'><strong>debuitesse‚vivere</strong></span> <span class='ocrx_word' id='word_1_131' title='bbox 1087 2631 1198 2696; x_wconf 76' lang='lat' dir='ltr'><strong>megnue&#39;</strong></span> 
     </span>
     <span class='ocr_line' id='line_1_20' title="bbox 132 2701 870 2768; baseline -0.005 -11"><span class='ocrx_word' id='word_1_132' title='bbox 132 2725 189 2758; x_wconf 88' lang='lat' dir='ltr'><strong>cum</strong></span> <span class='ocrx_word' id='word_1_133' title='bbox 216 2705 271 2757; x_wconf 85' lang='lat' dir='ltr'><strong>fere</strong></span> <span class='ocrx_word' id='word_1_134' title='bbox 296 2703 489 2757; x_wconf 77' lang='lat' dir='ltr'><strong>intractabilem</strong></span> <span class='ocrx_word' id='word_1_135' title='bbox 515 2719 586 2768; x_wconf 85' lang='lat' dir='ltr'><strong>esse,</strong></span> <span class='ocrx_word' id='word_1_136' title='bbox 616 2716 642 2755; x_wconf 89' lang='lat' dir='ltr'><strong>et</strong></span> <span class='ocrx_word' id='word_1_137' title='bbox 685 2702 732 2754; x_wconf 90' lang='lat' dir='ltr'><strong>ille</strong></span> <span class='ocrx_word' id='word_1_138' title='bbox 744 2701 870 2756; x_wconf 83' lang='lat' dir='ltr'><strong>Alcides?</strong></span> 
     </span>
     <span class='ocr_line' id='line_1_21' title="bbox 131 2780 1196 2856; baseline -0.001 -18"><span class='ocrx_word' id='word_1_139' title='bbox 131 2804 208 2856; x_wconf 82' lang='lat' dir='ltr'><strong>quem</strong></span> <span class='ocrx_word' id='word_1_140' title='bbox 231 2803 287 2836; x_wconf 89' lang='lat' dir='ltr'><strong>uon</strong></span> <span class='ocrx_word' id='word_1_141' title='bbox 310 2783 451 2836; x_wconf 74' lang='lat' dir='ltr'><strong>infeliciter</strong></span> <span class='ocrx_word' id='word_1_142' title='bbox 466 2781 517 2834; x_wconf 86' lang='lat' dir='ltr'><strong>sibi</strong></span> <span class='ocrx_word' id='word_1_143' title='bbox 536 2781 642 2835; x_wconf 79' lang='lat' dir='ltr'><strong>ridetur</strong></span> <span class='ocrx_word' id='word_1_144' title='bbox 726 2801 793 2853; x_wconf 80' lang='lat'><em>77²·</em></span> <span class='ocrx_word' id='word_1_145' title='bbox 813 2783 939 2852; x_wconf 79' lang='lat' dir='ltr'><strong>Pejorem,</strong></span> <span class='ocrx_word' id='word_1_146' title='bbox 965 2780 1125 2836; x_wconf 85' lang='lat' dir='ltr'><strong>deteriorem</strong></span> <span class='ocrx_word' id='word_1_147' title='bbox 1149 2803 1196 2855; x_wconf 87' lang='lat' dir='ltr'><strong>po·</strong></span> 
     </span>
     <span class='ocr_line' id='line_1_22' title="bbox 130 2859 1130 2933; baseline 0 -17"><span class='ocrx_word' id='word_1_148' title='bbox 130 2865 305 2918; x_wconf 80' lang='lat' dir='ltr'><strong>intellexisse:</strong></span> <span class='ocrx_word' id='word_1_149' title='bbox 322 2889 332 2910; x_wconf 85' lang='grc' dir='ltr'>ι</span> <span class='ocrx_word' id='word_1_150' title='bbox 343 2865 380 2916; x_wconf 83' lang='lat' dir='ltr'><strong>La</strong></span> <span class='ocrx_word' id='word_1_151' title='bbox 390 2874 476 2928; x_wconf 84' lang='lat' dir='ltr'><strong>mort,</strong></span> <span class='ocrx_word' id='word_1_152' title='bbox 485 2861 572 2933; x_wconf 76' lang='lat' dir='ltr'><strong>qu’ila</strong></span> <span class='ocrx_word' id='word_1_153' title='bbox 582 2861 641 2932; x_wconf 75' lang='lat' dir='ltr'><strong>deja</strong></span> <span class='ocrx_word' id='word_1_154' title='bbox 684 2861 759 2927; x_wconf 84' lang='lat' dir='ltr'><strong>lum,</strong></span> <span class='ocrx_word' id='word_1_155' title='bbox 773 2862 889 2932; x_wconf 83' lang='lat' dir='ltr'><strong>nigrum.</strong></span> <span class='ocrx_word' id='word_1_156' title='bbox 902 2863 924 2914; x_wconf 89' lang='lat'><strong>1.</strong></span> <span class='ocrx_word' id='word_1_157' title='bbox 938 2880 962 2914; x_wconf 89' lang='lat' dir='ltr'><strong>e.</strong></span> <span class='ocrx_word' id='word_1_158' title='bbox 974 2859 1008 2914; x_wconf 87' lang='lat' dir='ltr'><strong>ad</strong></span> <span class='ocrx_word' id='word_1_159' title='bbox 1021 2863 1130 2916; x_wconf 82' lang='lat' dir='ltr'><strong>inferos.</strong></span> 
     </span>
     <span class='ocr_line' id='line_1_23' title="bbox 131 2941 1195 3014; baseline 0.002 -20"><span class='ocrx_word' id='word_1_160' title='bbox 131 2946 241 2999; x_wconf 86' lang='lat' dir='ltr'><strong>vaiucue</strong></span> <span class='ocrx_word' id='word_1_161' title='bbox 260 2942 325 2996; x_wconf 85' lang='lat' dir='ltr'><strong>dans</strong></span> <span class='ocrx_word' id='word_1_162' title='bbox 341 2961 389 2994; x_wconf 86' lang='lat' dir='ltr'><strong>eon</strong></span> <span class='ocrx_word' id='word_1_163' title='bbox 409 2960 510 3013; x_wconf 87' lang='lat' dir='ltr'><strong>propre</strong></span> <span class='ocrx_word' id='word_1_164' title='bbox 525 2942 640 3014; x_wconf 67' lang='lat' dir='ltr'><strong>empiw,</strong></span> <span class='ocrx_word' id='word_1_165' title='bbox 725 2941 791 3012; x_wconf 75' lang='lat'>775.</span> <span class='ocrx_word' id='word_1_166' title='bbox 806 2942 925 2993; x_wconf 77' lang='lat' dir='ltr'><strong>Euboica.</strong></span> <span class='ocrx_word' id='word_1_167' title='bbox 935 2941 1079 3012; x_wconf 86' lang='lat' dir='ltr'><strong>Sophocles</strong></span> <span class='ocrx_word' id='word_1_168' title='bbox 1089 2941 1195 2996; x_wconf 86' lang='lat' dir='ltr'><strong>illudin</strong></span> 
     </span>
     <span class='ocr_line' id='line_1_24' title="bbox 133 3018 1193 3094; baseline 0.001 -19"><span class='ocrx_word' id='word_1_169' title='bbox 133 3018 204 3078; x_wconf 86' lang='lat' dir='ltr'><strong>n&#39;ose</strong></span> <span class='ocrx_word' id='word_1_170' title='bbox 219 3025 244 3075; x_wconf 92' lang='lat' dir='ltr'><strong>le</strong></span> <span class='ocrx_word' id='word_1_171' title='bbox 258 3024 374 3094; x_wconf 68' lang='lat' dir='ltr'><strong>trappe,</strong></span> <span class='ocrx_word' id='word_1_172' title='bbox 390 3022 415 3074; x_wconf 89' lang='lat' dir='ltr'><strong>le</strong></span> <span class='ocrx_word' id='word_1_173' title='bbox 427 3020 512 3074; x_wconf 90' lang='lat' dir='ltr'><strong>destin</strong></span> <span class='ocrx_word' id='word_1_174' title='bbox 528 3021 640 3074; x_wconf 85' lang='lat' dir='ltr'><strong>tremble</strong></span> <span class='ocrx_word' id='word_1_175' title='bbox 682 3021 834 3082; x_wconf 73' lang='lat' dir='ltr'><strong>Trachiniis</strong></span> <span class='ocrx_word' id='word_1_176' title='bbox 853 3020 1012 3074; x_wconf 80' lang='lat' dir='ltr'><strong>adumbrare</strong></span> <span class='ocrx_word' id='word_1_177' title='bbox 1032 3022 1134 3087; x_wconf 81' lang='lat' dir='ltr'><strong>voluit,</strong></span> <span class='ocrx_word' id='word_1_178' title='bbox 1155 3040 1193 3076; x_wconf 81' lang='lat' dir='ltr'><strong>ve.</strong></span> 
     </span>
     <span class='ocr_line' id='line_1_25' title="bbox 131 3092 1195 3172; baseline -0.001 -16"><span class='ocrx_word' id='word_1_179' title='bbox 131 3103 161 3156; x_wconf 91' lang='lat' dir='ltr'><strong>de</strong></span> <span class='ocrx_word' id='word_1_180' title='bbox 172 3115 332 3158; x_wconf 83' lang='lat' dir='ltr'><strong>commettre</strong></span> <span class='ocrx_word' id='word_1_181' title='bbox 349 3121 386 3154; x_wconf 92' lang='lat' dir='ltr'><strong>uu</strong></span> <span class='ocrx_word' id='word_1_182' title='bbox 405 3101 427 3154; x_wconf 85' lang='lat' dir='ltr'><strong>si</strong></span> <span class='ocrx_word' id='word_1_183' title='bbox 441 3099 525 3172; x_wconf 80' lang='lat' dir='ltr'><strong>grand</strong></span> <span class='ocrx_word' id='word_1_184' title='bbox 540 3101 639 3166; x_wconf 85' lang='lat' dir='ltr'><strong>crime,</strong></span> <span class='ocrx_word' id='word_1_185' title='bbox 685 3104 740 3171; x_wconf 77' lang='lat'><strong>762</strong></span> <span class='ocrx_word' id='word_1_186' title='bbox 754 3117 761 3152; x_wconf 75' lang='grc' dir='ltr'><strong><em>ε</em></strong></span> <span class='ocrx_word' id='word_1_187' title='bbox 777 3092 846 3157; x_wconf 70' lang='lat' dir='ltr'><strong>Aurei</strong></span> <span class='ocrx_word' id='word_1_188' title='bbox 858 3121 895 3160; x_wconf 77' lang='grc' dir='ltr'><strong>τις</strong></span> <span class='ocrx_word' id='word_1_189' title='bbox 911 3101 1077 3170; x_wconf 68' lang='grc' dir='ltr'><strong>ἀμφίκλυστος</strong></span> <span class='ocrx_word' id='word_1_190' title='bbox 1090 3099 1195 3164; x_wconf 61' lang='lat' dir='ltr'><strong>illiciet</strong></span> 
     </span>
     <span class='ocr_line' id='line_1_26' title="bbox 131 3180 1194 3253; baseline -0.003 -16"><span class='ocrx_word' id='word_1_191' title='bbox 131 3185 245 3237; x_wconf 89' lang='lat' dir='ltr'><strong>Clothou</strong></span> <span class='ocrx_word' id='word_1_192' title='bbox 257 3183 409 3236; x_wconf 71' lang='lat' dir='ltr'><strong>elle-meme</strong></span> <span class='ocrx_word' id='word_1_193' title='bbox 421 3200 436 3233; x_wconf 87' lang='lat' dir='ltr'><strong>a</strong></span> <span class='ocrx_word' id='word_1_194' title='bbox 448 3183 501 3253; x_wconf 73' lang='lat' dir='ltr'><strong>jete</strong></span> <span class='ocrx_word' id='word_1_195' title='bbox 515 3199 541 3234; x_wconf 85' lang='lat' dir='ltr'><strong>sa</strong></span> <span class='ocrx_word' id='word_1_196' title='bbox 556 3193 640 3233; x_wconf 78' lang='lat' dir='ltr'><strong>treme</strong></span> <span class='ocrx_word' id='word_1_197' title='bbox 683 3180 755 3250; x_wconf 75' lang='grc' dir='ltr'>ἄκρον</span> <span class='ocrx_word' id='word_1_198' title='bbox 766 3181 872 3238; x_wconf 68' lang='lat' dir='ltr'><strong>navare</strong></span> <span class='ocrx_word' id='word_1_199' title='bbox 886 3182 960 3232; x_wconf 72' lang='grc' dir='ltr'>ἐστιν·</span> <span class='ocrx_word' id='word_1_200' title='bbox 971 3199 1020 3232; x_wconf 92' lang='lat' dir='ltr'><strong>nec</strong></span> <span class='ocrx_word' id='word_1_201' title='bbox 1031 3194 1119 3233; x_wconf 84' lang='lat' dir='ltr'><strong>tumen</strong></span> <span class='ocrx_word' id='word_1_202' title='bbox 1129 3200 1194 3235; x_wconf 90' lang='lat' dir='ltr'><strong>cou-</strong></span> 
     </span>
     <span class='ocr_line' id='line_1_27' title="bbox 131 3259 1195 3332; baseline -0.001 -17"><span class='ocrx_word' id='word_1_203' title='bbox 131 3265 249 3318; x_wconf 85' lang='lat' dir='ltr'><strong>eteruint</strong></span> <span class='ocrx_word' id='word_1_204' title='bbox 261 3261 294 3314; x_wconf 89' lang='lat' dir='ltr'><strong>de</strong></span> <span class='ocrx_word' id='word_1_205' title='bbox 310 3259 448 3314; x_wconf 84' lang='lat' dir='ltr'><strong>l&#39;achever.</strong></span> <span class='ocrx_word' id='word_1_206' title='bbox 471 3261 496 3312; x_wconf 94' lang='lat'>0</span> <span class='ocrx_word' id='word_1_207' title='bbox 510 3263 580 3332; x_wconf 82' lang='lat' dir='ltr'><strong>jour,</strong></span> <span class='ocrx_word' id='word_1_208' title='bbox 597 3259 639 3311; x_wconf 88' lang='lat' dir='ltr'><strong>fu·</strong></span> <span class='ocrx_word' id='word_1_209' title='bbox 682 3261 818 3329; x_wconf 84' lang='lat' dir='ltr'><strong>sequitur,</strong></span> <span class='ocrx_word' id='word_1_210' title='bbox 836 3278 923 3332; x_wconf 85' lang='lat' dir='ltr'><strong>neque</strong></span> <span class='ocrx_word' id='word_1_211' title='bbox 937 3277 999 3311; x_wconf 84' lang='lat' dir='ltr'><strong>vera</strong></span> <span class='ocrx_word' id='word_1_212' title='bbox 1017 3275 1055 3313; x_wconf 83' lang='lat' dir='ltr'><strong>est</strong></span> <span class='ocrx_word' id='word_1_213' title='bbox 1071 3260 1126 3314; x_wconf 70' lang='lat' dir='ltr'><strong>haee</strong></span> <span class='ocrx_word' id='word_1_214' title='bbox 1140 3263 1195 3314; x_wconf 85' lang='lat' dir='ltr'><strong>Eu·</strong></span> 
     </span>
     <span class='ocr_line' id='line_1_28' title="bbox 130 3338 1194 3414; baseline 0 -20"><span class='ocrx_word' id='word_1_215' title='bbox 130 3357 200 3396; x_wconf 84' lang='lat' dir='ltr'><strong>ueste</strong></span> <span class='ocrx_word' id='word_1_216' title='bbox 224 3345 288 3414; x_wconf 90' lang='lat' dir='ltr'><strong>jour</strong></span> <span class='ocrx_word' id='word_1_217' title='bbox 310 3341 317 3394; x_wconf 91' lang='lat'>!</span> <span class='ocrx_word' id='word_1_218' title='bbox 342 3353 454 3394; x_wconf 82' lang='lat' dir='ltr'><strong>seras-tu</strong></span> <span class='ocrx_word' id='word_1_219' title='bbox 480 3340 507 3392; x_wconf 90' lang='lat' dir='ltr'><strong>le</strong></span> <span class='ocrx_word' id='word_1_220' title='bbox 532 3339 639 3392; x_wconf 84' lang='lat' dir='ltr'><strong>dernier</strong></span> <span class='ocrx_word' id='word_1_221' title='bbox 682 3338 747 3392; x_wconf 82' lang='lat' dir='ltr'><strong>boeee</strong></span> <span class='ocrx_word' id='word_1_222' title='bbox 780 3339 934 3410; x_wconf 70' lang='lat' dir='ltr'><strong>descriptio.</strong></span> <span class='ocrx_word' id='word_1_223' title='bbox 960 3339 1090 3409; x_wconf 83' lang='lat' dir='ltr'><strong>Capherei</strong></span> <span class='ocrx_word' id='word_1_224' title='bbox 1122 3343 1194 3394; x_wconf 89' lang='lat' dir='ltr'><strong>enim</strong></span> 
     </span>
     <span class='ocr_line' id='line_1_29' title="bbox 131 3417 1193 3490; baseline 0 -15"><span class='ocrx_word' id='word_1_225' title='bbox 131 3434 211 3476; x_wconf 85' lang='lat' dir='ltr'><strong>tenne</strong></span> <span class='ocrx_word' id='word_1_226' title='bbox 226 3422 299 3475; x_wconf 86' lang='lat' dir='ltr'><strong>dela</strong></span> <span class='ocrx_word' id='word_1_227' title='bbox 317 3421 360 3474; x_wconf 80' lang='lat' dir='ltr'><strong>rie</strong></span> <span class='ocrx_word' id='word_1_228' title='bbox 374 3417 411 3472; x_wconf 89' lang='lat' dir='ltr'><strong>du</strong></span> <span class='ocrx_word' id='word_1_229' title='bbox 425 3417 511 3490; x_wconf 86' lang='lat' dir='ltr'><strong>grand</strong></span> <span class='ocrx_word' id='word_1_230' title='bbox 527 3418 636 3472; x_wconf 84' lang='lat' dir='ltr'><strong>Alcide!</strong></span> <span class='ocrx_word' id='word_1_231' title='bbox 681 3421 896 3489; x_wconf 85' lang='lat' dir='ltr'><strong>promontorium</strong></span> <span class='ocrx_word' id='word_1_232' title='bbox 922 3417 955 3472; x_wconf 90' lang='lat' dir='ltr'><strong>ed</strong></span> <span class='ocrx_word' id='word_1_233' title='bbox 981 3437 1121 3482; x_wconf 84' lang='lat' dir='ltr'><strong>occasum,</strong></span> <span class='ocrx_word' id='word_1_234' title='bbox 1143 3440 1193 3476; x_wconf 84' lang='lat' dir='ltr'><strong>nee</strong></span> 
     </span>
     <span class='ocr_line' id='line_1_30' title="bbox 131 3496 1212 3571; baseline -0.002 -18"><span class='ocrx_word' id='word_1_235' title='bbox 131 3503 221 3556; x_wconf 78' lang='lat' dir='ltr'><strong>Alcide</strong></span> <span class='ocrx_word' id='word_1_236' title='bbox 235 3501 355 3554; x_wconf 77' lang='lat' dir='ltr'><strong>deruit-il</strong></span> <span class='ocrx_word' id='word_1_237' title='bbox 368 3499 488 3552; x_wconf 90' lang='lat' dir='ltr'><strong>mourir!</strong></span> <span class='ocrx_word' id='word_1_238' title='bbox 503 3525 514 3545; x_wconf 77' lang='grc' dir='ltr'>ι</span> <span class='ocrx_word' id='word_1_239' title='bbox 682 3496 734 3552; x_wconf 90' lang='lat' dir='ltr'><strong>dici</strong></span> <span class='ocrx_word' id='word_1_240' title='bbox 746 3512 833 3569; x_wconf 88' lang='lat' dir='ltr'><strong>potest</strong></span> <span class='ocrx_word' id='word_1_241' title='bbox 844 3500 963 3571; x_wconf 80' lang='lat' dir='ltr'><strong>aquilonis</strong></span> <span class='ocrx_word' id='word_1_242' title='bbox 972 3503 1048 3550; x_wconf 79' lang='lat' dir='ltr'><strong>minas</strong></span> <span class='ocrx_word' id='word_1_243' title='bbox 1054 3503 1118 3570; x_wconf 79' lang='lat' dir='ltr'><strong>pati.</strong></span> <span class='ocrx_word' id='word_1_244' title='bbox 1211 3509 1212 3512; x_wconf 78' lang='grc'>’</span> 
     </span>
    </p>

    <p class='ocr_par' dir='ltr' id='par_1_10' title="bbox 168 3579 1193 3654">
     <span class='ocr_line' id='line_1_31' title="bbox 168 3579 1193 3654; baseline -0.001 -18"><span class='ocrx_word' id='word_1_245' title='bbox 168 3585 235 3654; x_wconf 80' lang='lat'><strong>768.</strong></span> <span class='ocrx_word' id='word_1_246' title='bbox 246 3582 316 3652; x_wconf 79' lang='lat' dir='ltr'><strong>Ipsos</strong></span> <span class='ocrx_word' id='word_1_247' title='bbox 325 3579 397 3633; x_wconf 83' lang='lat' dir='ltr'><strong>colos.</strong></span> <span class='ocrx_word' id='word_1_248' title='bbox 406 3580 527 3650; x_wconf 84' lang='lat' dir='ltr'><strong>Explica,</strong></span> <span class='ocrx_word' id='word_1_249' title='bbox 536 3595 638 3633; x_wconf 81' lang='lat' dir='ltr'><strong>severae</strong></span> <span class='ocrx_word' id='word_1_250' title='bbox 722 3583 790 3649; x_wconf 77' lang='lat'><strong>776.</strong></span> <span class='ocrx_word' id='word_1_251' title='bbox 802 3579 918 3631; x_wconf 80' lang='lat' dir='ltr'><strong>Pulsatur</strong></span> <span class='ocrx_word' id='word_1_252' title='bbox 925 3585 991 3631; x_wconf 84' lang='lat' dir='ltr'><strong>omar&#39;</strong></span> <span class='ocrx_word' id='word_1_253' title='bbox 998 3580 1081 3632; x_wconf 81' lang='lat' dir='ltr'><strong>latere.</strong></span> <span class='ocrx_word' id='word_1_254' title='bbox 1093 3580 1193 3635; x_wconf 68' lang='lat' dir='ltr'><strong>Euboea</strong></span> 
     </span>
    </p>
   </div>
   <div class='ocr_carea' id='block_1_5' title="bbox 15 3659 1196 3730">
    <p class='ocr_par' dir='ltr' id='par_1_11' title="bbox 15 3659 1196 3730">
     <span class='ocr_line' id='line_1_32' title="bbox 15 3659 1196 3730; baseline 0 -18"><span class='ocrx_word' id='word_1_255' title='bbox 15 3697 18 3720; x_wconf 85' lang='lat'>‚</span> <span class='ocrx_word' id='word_1_256' title='bbox 130 3661 184 3716; x_wconf 79' lang='lat' dir='ltr'><strong>illas</strong></span> <span class='ocrx_word' id='word_1_257' title='bbox 191 3703 200 3727; x_wconf 91' lang='lat'>,</span> <span class='ocrx_word' id='word_1_258' title='bbox 214 3681 269 3714; x_wconf 86' lang='lat' dir='ltr'><strong>non</strong></span> <span class='ocrx_word' id='word_1_259' title='bbox 282 3661 444 3714; x_wconf 85' lang='lat' dir='ltr'><strong>revocabiles</strong></span> <span class='ocrx_word' id='word_1_260' title='bbox 456 3660 538 3712; x_wconf 85' lang='lat' dir='ltr'><strong>colus.</strong></span> <span class='ocrx_word' id='word_1_261' title='bbox 548 3660 639 3710; x_wconf 86' lang='lat' dir='ltr'><strong>lucer·</strong></span> <span class='ocrx_word' id='word_1_262' title='bbox 682 3659 789 3711; x_wconf 78' lang='lat' dir='ltr'><strong>Boeotiae</strong></span> <span class='ocrx_word' id='word_1_263' title='bbox 800 3659 963 3730; x_wconf 83' lang='lat' dir='ltr'><strong>objacetnon</strong></span> <span class='ocrx_word' id='word_1_264' title='bbox 974 3672 1059 3724; x_wconf 78' lang='lat' dir='ltr'><strong>reeta,</strong></span> <span class='ocrx_word' id='word_1_265' title='bbox 1071 3659 1117 3712; x_wconf 88' lang='lat' dir='ltr'><strong>sed</strong></span> <span class='ocrx_word' id='word_1_266' title='bbox 1127 3661 1196 3713; x_wconf 87' lang='lat' dir='ltr'><strong>obli·</strong></span> 
     </span>
    </p>
   </div>
   <div class='ocr_carea' id='block_1_6' title="bbox 128 3739 1196 4296">
    <p class='ocr_par' dir='ltr' id='par_1_12' title="bbox 128 3739 1194 4134">
     <span class='ocr_line' id='line_1_33' title="bbox 130 3739 1191 3814; baseline 0.001 -23"><span class='ocrx_word' id='word_1_267' title='bbox 130 3754 170 3795; x_wconf 84' lang='lat' dir='ltr'><strong>tus</strong></span> <span class='ocrx_word' id='word_1_268' title='bbox 186 3754 280 3814; x_wconf 82' lang='lat' dir='ltr'><strong>poeta,</strong></span> <span class='ocrx_word' id='word_1_269' title='bbox 302 3741 330 3793; x_wconf 93' lang='lat' dir='ltr'><strong>in</strong></span> <span class='ocrx_word' id='word_1_270' title='bbox 349 3739 481 3793; x_wconf 82' lang='lat' dir='ltr'><strong>Analectie</strong></span> <span class='ocrx_word' id='word_1_271' title='bbox 496 3751 549 3792; x_wconf 88' lang='lat' dir='ltr'><strong>vet.</strong></span> <span class='ocrx_word' id='word_1_272' title='bbox 565 3750 636 3810; x_wconf 88' lang='lat' dir='ltr'><strong>poet.</strong></span> <span class='ocrx_word' id='word_1_273' title='bbox 682 3756 749 3810; x_wconf 88' lang='lat' dir='ltr'><strong>qua:</strong></span> <span class='ocrx_word' id='word_1_274' title='bbox 764 3751 790 3791; x_wconf 91' lang='lat' dir='ltr'><strong>et</strong></span> <span class='ocrx_word' id='word_1_275' title='bbox 801 3740 863 3792; x_wconf 88' lang='lat' dir='ltr'><strong>hine</strong></span> <span class='ocrx_word' id='word_1_276' title='bbox 875 3739 1018 3802; x_wconf 82' lang='lat' dir='ltr'><strong>evenit,ut</strong></span> <span class='ocrx_word' id='word_1_277' title='bbox 1030 3739 1100 3793; x_wconf 86' lang='lat' dir='ltr'><strong>idern</strong></span> <span class='ocrx_word' id='word_1_278' title='bbox 1112 3740 1191 3793; x_wconf 83' lang='lat' dir='ltr'><strong>Euri·</strong></span> 
     </span>
     <span class='ocr_line' id='line_1_34' title="bbox 130 3818 1192 3890; baseline -0.002 -16"><span class='ocrx_word' id='word_1_279' title='bbox 130 3821 215 3876; x_wconf 69' lang='lat' dir='ltr'><strong>Grec.</strong></span> <span class='ocrx_word' id='word_1_280' title='bbox 236 3834 302 3874; x_wconf 90' lang='lat' dir='ltr'><strong>tom.</strong></span> <span class='ocrx_word' id='word_1_281' title='bbox 325 3821 379 3882; x_wconf 87' lang='lat'>111,</span> <span class='ocrx_word' id='word_1_282' title='bbox 404 3838 462 3890; x_wconf 86' lang='lat' dir='ltr'><strong>pag.</strong></span> <span class='ocrx_word' id='word_1_283' title='bbox 478 3818 532 3888; x_wconf 78' lang='lat'><strong>²7⁵</strong></span> <span class='ocrx_word' id='word_1_284' title='bbox 550 3839 557 3869; x_wconf 73' lang='grc' dir='ltr'><em>τ</em></span> <span class='ocrx_word' id='word_1_285' title='bbox 580 3819 636 3870; x_wconf 80' lang='grc' dir='ltr'><strong>Δίου</strong></span> <span class='ocrx_word' id='word_1_286' title='bbox 682 3837 748 3890; x_wconf 84' lang='lat' dir='ltr'><strong>pus,</strong></span> <span class='ocrx_word' id='word_1_287' title='bbox 766 3819 813 3890; x_wconf 90' lang='lat' dir='ltr'><strong>qui</strong></span> <span class='ocrx_word' id='word_1_288' title='bbox 823 3820 857 3870; x_wconf 87' lang='lat' dir='ltr'><strong>ab</strong></span> <span class='ocrx_word' id='word_1_289' title='bbox 869 3836 962 3871; x_wconf 86' lang='lat' dir='ltr'><strong>occasu</strong></span> <span class='ocrx_word' id='word_1_290' title='bbox 974 3818 1049 3872; x_wconf 84' lang='lat' dir='ltr'><strong>alluit</strong></span> <span class='ocrx_word' id='word_1_291' title='bbox 1061 3820 1192 3886; x_wconf 63' lang='lat' dir='ltr'><strong>insulam</strong></span> 
     </span>
     <span class='ocr_line' id='line_1_35' title="bbox 129 3891 1193 3972; baseline -0.003 -18"><span class='ocrx_word' id='word_1_292' title='bbox 129 3891 289 3972; x_wconf 62' lang='grc' dir='ltr'><strong>ὀρειίασὶοιο,</strong></span> <span class='ocrx_word' id='word_1_293' title='bbox 303 3903 344 3953; x_wconf 76' lang='grc' dir='ltr'><strong>τὸν</strong></span> <span class='ocrx_word' id='word_1_294' title='bbox 359 3901 481 3956; x_wconf 74' lang='grc' dir='ltr'><strong>ἀθανάτην</strong></span> <span class='ocrx_word' id='word_1_295' title='bbox 495 3895 539 3952; x_wconf 68' lang='lat' dir='ltr'><strong>Art</strong></span> <span class='ocrx_word' id='word_1_296' title='bbox 550 3902 637 3965; x_wconf 69' lang='grc' dir='ltr'>τίχνην</span> <span class='ocrx_word' id='word_1_297' title='bbox 682 3899 760 3952; x_wconf 87' lang='lat' dir='ltr'><strong>etiem</strong></span> <span class='ocrx_word' id='word_1_298' title='bbox 776 3899 810 3951; x_wconf 87' lang='lat' dir='ltr'><strong>ab</strong></span> <span class='ocrx_word' id='word_1_299' title='bbox 822 3899 954 3972; x_wconf 81' lang='lat' dir='ltr'><strong>Aquilone</strong></span> <span class='ocrx_word' id='word_1_300' title='bbox 970 3899 1099 3952; x_wconf 83' lang='lat' dir='ltr'><strong>intrantes</strong></span> <span class='ocrx_word' id='word_1_301' title='bbox 1112 3917 1193 3970; x_wconf 71' lang='lat' dir='ltr'><strong>aquas</strong></span> 
     </span>
     <span class='ocr_line' id='line_1_36' title="bbox 129 3976 1194 4052; baseline -0.004 -18"><span class='ocrx_word' id='word_1_302' title='bbox 129 3983 236 4034; x_wconf 66' lang='lat' dir='ltr'><strong>niuea</strong></span> <span class='ocrx_word' id='word_1_303' title='bbox 252 3978 416 4052; x_wconf 72' lang='lat' dir='ltr'><strong>dcrpulaeoee</strong></span> <span class='ocrx_word' id='word_1_304' title='bbox 429 3981 513 4050; x_wconf 75' lang='grc' dir='ltr'><strong>μίτους</strong></span> <span class='ocrx_word' id='word_1_305' title='bbox 534 3976 638 4032; x_wconf 66' lang='lat' dir='ltr'><strong>&amp;reddt-</strong></span> <span class='ocrx_word' id='word_1_306' title='bbox 682 3979 802 4048; x_wconf 87' lang='lat' dir='ltr'><strong>recipere</strong></span> <span class='ocrx_word' id='word_1_307' title='bbox 823 3991 850 4031; x_wconf 87' lang='lat' dir='ltr'><strong>et</strong></span> <span class='ocrx_word' id='word_1_308' title='bbox 873 3981 994 4031; x_wconf 86' lang='lat' dir='ltr'><strong>emittere</strong></span> <span class='ocrx_word' id='word_1_309' title='bbox 1015 3977 1146 4044; x_wconf 80' lang='lat' dir='ltr'><strong>videatur,</strong></span> <span class='ocrx_word' id='word_1_310' title='bbox 1167 3998 1194 4038; x_wconf 76' lang='lat' dir='ltr'><strong>et</strong></span> 
     </span>
     <span class='ocr_line' id='line_1_37' title="bbox 128 4057 1193 4134; baseline 0 -22"><span class='ocrx_word' id='word_1_311' title='bbox 128 4067 182 4113; x_wconf 73' lang='lat' dir='ltr'><strong>trra</strong></span> <span class='ocrx_word' id='word_1_312' title='bbox 197 4063 286 4133; x_wconf 73' lang='lat' dir='ltr'><strong>Maipa.</strong></span> <span class='ocrx_word' id='word_1_313' title='bbox 682 4059 804 4111; x_wconf 79' lang='lat' dir='ltr'><strong>similiter</strong></span> <span class='ocrx_word' id='word_1_314' title='bbox 815 4059 968 4129; x_wconf 78' lang='lat' dir='ltr'><strong>Caphereus</strong></span> <span class='ocrx_word' id='word_1_315' title='bbox 979 4057 1117 4112; x_wconf 87' lang='lat' dir='ltr'><strong>Orientem</strong></span> <span class='ocrx_word' id='word_1_316' title='bbox 1132 4081 1193 4134; x_wconf 71' lang='lat' dir='ltr'><strong>spe-</strong></span> 
     </span>
    </p>

    <p class='ocr_par' dir='ltr' id='par_1_13' title="bbox 130 4133 1196 4296">
     <span class='ocr_line' id='line_1_38' title="bbox 168 4133 1194 4211; baseline 0 -17"><span class='ocrx_word' id='word_1_317' title='bbox 168 4143 234 4210; x_wconf 78' lang='lat'><strong>7⁶9·</strong></span> <span class='ocrx_word' id='word_1_318' title='bbox 252 4139 383 4195; x_wconf 60' lang='lat' dir='ltr'><strong>curtae</strong></span> <span class='ocrx_word' id='word_1_319' title='bbox 399 4139 484 4193; x_wconf 79' lang='lat' dir='ltr'><strong>tribua</strong></span> <span class='ocrx_word' id='word_1_320' title='bbox 496 4137 584 4191; x_wconf 83' lang='lat' dir='ltr'><strong>Parcis</strong></span> <span class='ocrx_word' id='word_1_321' title='bbox 594 4137 639 4190; x_wconf 84' lang='lat' dir='ltr'><strong>illa</strong></span> <span class='ocrx_word' id='word_1_322' title='bbox 683 4149 756 4192; x_wconf 84' lang='lat' dir='ltr'><strong>ctans</strong></span> <span class='ocrx_word' id='word_1_323' title='bbox 765 4133 886 4211; x_wconf 77' lang='lat' dir='ltr'><strong>respectu</strong></span> <span class='ocrx_word' id='word_1_324' title='bbox 900 4139 1194 4210; x_wconf 51' lang='lat' dir='ltr'><strong>OEnei&#39;proruontorii,</strong></span> 
     </span>
     <span class='ocr_line' id='line_1_39' title="bbox 130 4217 1196 4296; baseline -0.003 -25"><span class='ocrx_word' id='word_1_325' title='bbox 130 4237 187 4289; x_wconf 81' lang='lat' dir='ltr'><strong>quae</strong></span> <span class='ocrx_word' id='word_1_326' title='bbox 199 4222 287 4276; x_wconf 88' lang='lat' dir='ltr'><strong>colum</strong></span> <span class='ocrx_word' id='word_1_327' title='bbox 303 4231 385 4274; x_wconf 87' lang='lat' dir='ltr'><strong>tenet.</strong></span> <span class='ocrx_word' id='word_1_328' title='bbox 402 4221 480 4274; x_wconf 83' lang='lat' dir='ltr'><strong>llere.</strong></span> <span class='ocrx_word' id='word_1_329' title='bbox 493 4217 554 4272; x_wconf 78' lang='lat' dir='ltr'><strong>Fur.</strong></span> <span class='ocrx_word' id='word_1_330' title='bbox 570 4217 636 4273; x_wconf 81' lang='lat'><strong>⁵⁵8.</strong></span> <span class='ocrx_word' id='word_1_331' title='bbox 683 4219 761 4272; x_wconf 85' lang='lat' dir='ltr'><strong>etiem</strong></span> <span class='ocrx_word' id='word_1_332' title='bbox 776 4219 804 4272; x_wconf 92' lang='lat' dir='ltr'><strong>in</strong></span> <span class='ocrx_word' id='word_1_333' title='bbox 818 4222 943 4274; x_wconf 85' lang='lat' dir='ltr'><strong>Austrum</strong></span> <span class='ocrx_word' id='word_1_334' title='bbox 961 4217 1103 4272; x_wconf 82' lang='lat' dir='ltr'><strong>inclinatus</strong></span> <span class='ocrx_word' id='word_1_335' title='bbox 1116 4241 1196 4296; x_wconf 63' lang='lat' dir='ltr'><strong>appa.</strong></span> 
     </span>
    </p>
   </div>
   <div class='ocr_carea' id='block_1_7' title="bbox 988 4319 1074 4400">
    <p class='ocr_par' dir='ltr' id='par_1_14' title="bbox 988 4319 1074 4400">
     <span class='ocr_line' id='line_1_40' title="bbox 988 4319 1074 4400; baseline 0 -66"><span class='ocrx_word' id='word_1_336' title='bbox 988 4319 1074 4400; x_wconf 51' lang='grc'><strong>,4,</strong></span> 
     </span>
    </p>
   </div>
   <div class='ocr_carea' id='block_1_8' title="bbox 0 0 1570 5108">
    <p class='ocr_par' dir='ltr' id='par_1_15' title="bbox 0 0 1570 5108">
     <span class='ocr_line' id='line_1_41' title="bbox 0 0 1570 5108; baseline 0 3"><span class='ocrx_word' id='word_1_337' title='bbox 0 0 1570 5108; x_wconf 95' lang='lat' dir='ltr'><strong> </strong></span> 
     </span>
    </p>
   </div>
  </div>
 </body>
</html>
