3130 5108
318 573 321 584 “
368 564 413 646 ad
655 567 697 632 L.
724 565 902 642 ANNAEI
923 561 1141 634 SENE'CAE'

414 688 553 778 Specta,
567 699 602 754 et
621 699 793 756 tonantem
812 686 951 758 fulmine
969 709 1106 755 excusso
1124 683 1222 754 diem.

414 797 560 864 Mortem
582 819 722 890 quoque·
734 798 860 890 ipsam,
881 819 981 891 quam
1001 810 1098 890 putas
1116 809 1242 880 tutam,
1262 795 1351 867 timet

413 903 618 972 Dominatur
635 903 703 974 illic
726 921 863 998 patruus
885 906 1008 976 Alcidae
1027 905 1086 974 tui.

415 1015 638 1108 Quocumque
654 1039 788 1111 perges,
809 1019 950 1104 misera,
965 1031 1124 1111 cognatos
1143 1019 1232 1084 Deos

413 1123 487 1193 lllic
506 1124 639 1194 videbis.
657 1151 782 1196 unctu.
801 1129 988 1204 Maximum
1003 1127 1076 1196 fieri
1093 1124 1198 1196 scelus
1385 1145 1428 1186 ³⁵·

412 1235 458 1301 Et
471 1235 543 1328 ipsa
561 1232 677 1322 fateor,
695 1235 753 1304 sed
774 1235 876 1306 dolon
891 1235 962 1306 fieri
977 1237 1083 1330 jubet.

412 1367 518 1414 unna.
531 1347 687 1416 Moriere.
706 1369 827 1418 nmen.
845 1348 974 1418 Moriar
989 1345 1278 1442 Herculianempe
1295 1337 1408 1440 inclyti

413 1454 549 1546 Coujux
568 1481 577 1525 ε
596 1481 658 1524 nec
680 1455 768 1525 ullus
786 1461 884 1526 nocte
902 1456 1048 1526 discussa
1066 1455 1135 1524 dies

410 1564 555 1634 Viduam
579 1567 728 1654 notabit,
748 1591 809 1636 nec
828 1591 920 1636 meos
942 1564 1048 1661 pellex
1069 1581 1163 1635 toros·

412 1675 552 1769 Captiva
571 1678 678 1770 capiet
696 1701 704 1744 :
724 1691 801 1746 autc
818 1679 860 1746 ab
879 1701 998 1746 occasu
1020 1674 1090 1745 dies

410 1786 583 1856 Nascetur.
602 1786 705 1856 Indos
724 1801 806 1855 ante
824 1783 969 1881 glacialis
987 1784 1083 1880 polus

410 1895 588 1988 Scythasve
604 1897 715 1991 tepida
732 1898 875 1967 Plroebus
893 1895 1018 1965 inficiet
1036 1909 1126 1983 rota,

410 2005 522 2094 Quam
542 2029 594 2074 me
611 2003 757 2076 relictam
770 2004 1135 2099 Thessalae-adipieiant
1153 2027 1266 2074 nurus.

406 2115 486 2182 llleo
504 2113 633 2208 jugales
653 2118 818 2209 sanguine
835 2117 1042 2211 exstinguam
1060 2114 1157 2184 faces.

409 2226 479 2292 Aut
496 2239 626 2318 percat,
645 2240 704 2294 aut
724 2251 778 2294 mc
796 2227 936 2320 perimat
954 2253 962 2295 :
985 2225 1073 2293 elisis
1091 2223 1168 2292 feris
1385 2239 1426 2287 tta

408 2337 453 2403 Et
473 2334 648 2430 conjugem
671 2335 794 2425 addat:
814 2338 900 2406 inter
919 2335 1100 2414 Herculeos
1118 2331 1194 2403 licet
1283 2417 1290 2430 ⁶
1338 2371 1341 2378 ν

407 2447 465 2514 Mc
480 2469 615 2538 quoque
635 2443 764 2521 labores
783 2461 946 2515 numeret.
960 2443 1090 2532 Alcidae,
1103 2458 1193 2512 toros
1302 2449 1306 2459 “

408 2557 575 2624 Moritnra
598 2571 688 2624 certe
704 2565 849 2650 corpore.
862 2555 1043 2650 amplectar
1059 2579 1143 2624 meo.
1182 2552 1185 2560 ’

407 2667 480 2749 Ire,
497 2663 544 2732 ire
562 2663 604 2731 ad
623 2663 757 2733 umbras
774 2650 930 2736 Herculis.
942 2678 1082 2757 nuptam
1102 2662 1204 2748 libct3

408 2772 473 2844 Sed
491 2797 558 2840 non
576 2771 738 2840 inultam:
758 2776 783 2842 si
801 2773 882 2867 quid
900 2799 918 2841 e
937 2787 1055 2840 nostro
1069 2769 1213 2839 llereule
1384 2789 1423 2836 ³t⁵

408 2883 572 2976 Concepit
590 2880 677 2970 Iole,
698 2882 850 2951 titanibus
869 2881 1004 2951 evellam
1021 2881 1102 2949 meis

406 2995 511 3079 Ante,
531 3007 564 3061 et
586 3017 645 3085 per
666 2992 752 3085 ipsas
773 2991 925 3086 pellicem
941 2990 1095 3060 invadam
1113 2989 1209 3058 laces.

407 3104 464 3178 Me
483 3098 623 3206 nuptiali
643 3101 811 3170 victimam
832 3101 928 3170 feriat
946 3100 998 3168 die

401 3321 468 3376 326.
489 3322 622 3374 Tonantem
640 3320 747 3388 stimme
769 3341 868 3374 acuero
953 3319 1016 3378 332.
1036 3319 1158 3370 Herculis.
1177 3314 1271 3370 Emori
1290 3332 1333 3368 me
1352 3315 1423 3368 melo

360 3401 432 3458 diem.
460 3399 576 3456 Videtur
601 3398 741 3453 admittere
770 3401 867 3454 Seneca
912 3400 1124 3470 megninxorern
1136 3396 1268 3458 Herculis,
1283 3411 1363 3464 quem
1379 3413 1423 3447 re·

358 3479 464 3536 nonnisi
483 3481 684 3549 pontentiacum
704 3480 804 3534 fulmen
823 3498 868 3534 au·
911 3478 1045 3549 pudintem
1067 3477 1176 3540 rivere,
1199 3493 1229 3527 ac
1243 3475 1367 3543 rejectam
1382 3473 1422 3525 ri-

358 3557 410 3618 diri
439 3559 569 3621 sonitum3
596 3577 747 3630 quanquam
778 3572 867 3612 tamen
912 3555 978 3610 dere
990 3576 1040 3628 pro
1050 3551 1333 3625 ceptiraiatapellice.
1348 3552 1424 3606 Infra

357 3657 412 3691 non
429 3638 569 3708 ignorabat
581 3637 647 3709 quid
665 3637 699 3690 de
714 3657 744 3691 ea
761 3656 867 3692 recen·
911 3655 950 3692 re.
964 3637 1019 3702 334
1036 3648 1062 3688 et
1076 3635 1143 3688 338.

357 3729 426 3772 aeret
439 3717 608 3780 Aristotelea,
624 3717 667 3770 cui
680 3718 757 3770 etiam
770 3718 827 3786 ipae
838 3735 865 3770 ne
951 3715 1018 3770 333.
1028 3714 1139 3768 Nocted.
1148 3710 1242 3764 avtd.
1251 3709 1393 3764 Animadr.

354 3796 486 3849 aasentire.
497 3796 631 3866 proferena
645 3808 708 3850 eret.
721 3795 783 3848 Vid.
800 3796 862 3850 Sen.
951 3795 1018 3864 339.
1033 3795 1143 3863 legales.
1160 3793 1226 3856 Qua
1241 3790 1270 3844 in
1289 3790 1361 3845 lolee
1373 3807 1425 3844 nu·

357 3875 418 3934 Nat.
429 3875 529 3938 Quart.
538 3875 586 3928 lib.
596 3875 638 3938 ll,
648 3888 674 3928 et
684 3875 820 3930 Aristotel.
830 3873 871 3928 de·
909 3874 971 3946 ptiir
987 3873 1167 3945 praeferentur.
1185 3869 1248 3922 Vid.
1265 3869 1354 3924 Theb.
1380 3887 1422 3923 ve.

358 3955 525 4007 Meteonlib.
538 3955 565 4006 ll
576 3967 602 4007 et
613 3955 662 4007 lll.
912 3953 967 4007 263
984 3965 1009 4006 et
1027 3953 1089 4022 507.

400 4034 467 4088 ³28.
495 4033 608 4094 Illic.1n
630 4033 722 4088 martia
741 4033 865 4103 regione,
951 4031 1055 4096 345.Si
1064 4031 1130 4101 quid.
1139 4030 1166 4084 Si
1177 4043 1353 4100 quememeo
1367 4045 1424 4081 ma-

354 4111 373 4172 i.
385 4131 409 4166 e.
422 4111 866 4176 interis.-Pamus,1>tutotnter‚
910 4111 962 4170 rito
975 4111 1128 4182 conceperit
1143 4121 1259 4180 partum.

354 4190 439 4255 Iovis,
456 4192 592 4270 qni'patcr
608 4192 738 4245 Herculia.
953 4190 1020 4260 347.
1033 4191 1099 4246 Aua
1109 4205 1204 4259 ,qum
1218 4185 1327 4240 moriar.
