3130 5108
366 543 389 624 r,
657 535 696 601 n.
722 532 901 602 sunni
932 533 1144 604 sennem

414 665 574 755 Utraeque
595 657 713 726 Phoebi
733 657 883 725 sentiunt
904 655 1029 725 fulmen
1049 657 1184 746 domus,

420 776 543 842 Secure
563 793 664 863 regns
680 793 687 835 :
704 766 828 861 protuli
849 791 963 861 pacem
986 767 1069 856 tihi,

360 925 363 934 =
417 885 638 973 Quacumque
657 881 784 948 Nereus
802 879 928 971 porrigi
949 891 1051 945 terras
1069 893 1170 946 vetat.

414 997 491 1068 Non
510 1007 561 1061 est
581 987 790 1058 tonandum:
812 987 930 1080 perfidi
951 1013 1044 1082 reges
1060 989 1194 1082 jacent,
1419 1011 1431 1049 s

413 1105 497 1175 saevi
520 1101 677 1196 tyranni:
697 1099 876 1192 fregimus,
896 1097 1060 1192 quidquid
1079 1098 1144 1168 suit

409 1214 485 1288 Tibi
507 1208 776 1279 fulminandum:
798 1207 854 1275 sed
874 1207 956 1275 mihi
976 1207 1113 1294 caelum,
1134 1233 1275 1304 parens,

410 1321 531 1392 Adhuc
550 1317 720 1414 negatur?
742 1318 839 1410 parui
858 1333 947 1385 certe
968 1321 1050 1387 love

412 1432 547 1526 Ubique
567 1428 713 1524 dignus:
735 1442 833 1522 teque
854 1441 972 1498 testata
991 1421 1040 1496 e'st
1060 1452 1171 1496 meum

364 1611 394 1665 in
408 1623 532 1682 queunte
545 1619 658 1660 mortem
670 1605 797 1658 ilercules
808 1625 878 1677 quse·
923 1607 1049 1660 OEtceum
1059 1606 1369 1678 Euripidisquisdducst
1379 1626 1434 1660 non

364 1709 478 1761 eumque
487 1686 655 1760 ugendssunt
665 1685 792 1750 obsolvit,
803 1685 849 1737 sed
862 1703 876 1737 e
923 1687 1107 1752 meminimus,
1120 1687 1192 1758 quod
1202 1689 1258 1740 vult
1268 1688 1308 1740 vir
1317 1695 1434 1757 mugnus.

363 1771 512 1824 Philoctete
525 1765 662 1839 ejusdem:
685 1764 713 1815 in
733 1782 785 1834 qua
800 1764 878 1835 plene
923 1767 1017 1836 Neque
1041 1767 1080 1819 sic
1104 1767 1265 1837 inscripsisse
1287 1780 1434 1837 putnmus:

366 1847 401 1902 sd
415 1849 563 1902 muchinsm
578 1841 697 1896 eundum
711 1857 783 1908 erut,
795 1862 879 1915 quum
923 1846 1013 1898 multu
1024 1847 1095 1898 enim
1107 1847 1215 1899 suntab
1226 1847 1336 1918 ineptis:
1347 1847 1435 1899 ethoc

367 1946 423 1980 non
439 1939 526 1998 posset
541 1943 593 1996 ope
606 1925 722 1975 humens
735 1917 807 1976 llecti
820 1923 881 1974 Phi·
923 1943 993 1996 sepe
1017 1926 1122 1996 sntiqui
1145 1939 1315 1978 monuerunt.
1336 1926 1435 1978 Hnrns.

367 2003 559 2060 loctetes.ldeo
573 2014 682 2074 sppsret
695 2001 755 2066 ille,
771 2015 797 2054 et
809 2003 881 2056 hunc
963 2011 1023 2059 Act.
1036 2007 1065 2068 1,
1081 2023 1116 2058 so.
1135 2023 1156 2056 1.
1173 2005 1255 2060 Scene
1275 2006 1331 2058 hac
1350 2006 1436 2076 prims

368 2085 471 2140 nodum
488 2095 558 2138 secst
572 2101 579 2136 ε
594 2083 726 2134 Alcmenes
741 2099 881 2152 personum
924 2101 985 2136 eum
1000 2085 1092 2139 Choro
1103 2085 1223 2154 sequenti
1235 2085 1263 2138 in
1274 2084 1373 2137 Euboes
1384 2097 1437 2137 stu-

368 2167 469 2238 optime
489 2162 580 2216 omisit
595 2162 703 2215 Graecus
718 2178 731 2221 t,
743 2179 803 2214 usm
823 2181 882 2232 qua
925 2164 1018 2230 tuitur,
1035 2165 1082 2218 ubi
1094 2165 1221 2216 Hercules
1232 2165 1259 2216 iu
1271 2166 1366 2218 Censeo
1375 2183 1437 2235 pro-

370 2241 543 2314 verbstligns
557 2240 669 2294 inveniri
684 2241 883 2311 poteruntlhic
926 2244 1062 2297 montorio
1094 2244 1287 2297 sscrilicsturus
1316 2256 1376 2296 rots
1402 2241 1438 2296 de

369 2325 472 2396 ubique
494 2321 685 2375 sublimitatem
704 2321 833 2391 quesivit.
849 2322 883 2375 Et
926 2324 990 2376 celo
1001 2323 1150 2376 obtinendo
1162 2323 1295 2394 concipit,
1307 2321 1381 2395 quod
1395 2341 1438 2376 re-

371 2404 418 2458 vix
439 2401 530 2456 dranis
554 2400 688 2464 ismenias,
711 2397 783 2471 quod
807 2419 883 2470 eque
926 2403 976 2456 hus
998 2403 1092 2474 gestis,
1115 2421 1180 2474 quse
1201 2416 1355 2467 enumerat,
1384 2419 1439 2454 me·

371 2495 530 2554 assurgeret,
559 2482 611 2536 nisi
639 2492 762 2532 tumeret.
783 2479 881 2534 Passim
927 2483 1011 2536 ruisse
1024 2501 1053 2535 se
1067 2483 1203 2554 gloriatur.
1215 2483 1332 2553 Reliquae
1344 2494 1439 2552 trugu-

374 2579 463 2618 tumen
479 2562 562 2616 multu
581 2573 745 2624 occurrunt,
763 2579 827 2631 quse
837 2580 883 2614 su·
927 2561 978 2614 die
992 2581 1070 2615 scens
1086 2575 1124 2614 est
1138 2563 1277 2614 Trachine.

371 2643 511 2696 hlimitstis
521 2639 659 2710 φαντασίαν
673 2640 778 2692 habent.
792 2641 884 2710 Neque
970 2661 995 2694 ι.
1014 2643 1126 2713 Utrisque
1137 2642 1221 2692 Plurbi
1231 2642 1328 2700 domus,
1341 2637 1439 2694 Oriens

373 2739 438 2776 rsro
449 2719 599 2780 sententio,
613 2717 681 2770 nihil
702 2718 789 2770 minus
805 2739 884 2788 quum
928 2733 955 2774 et
973 2721 1126 2774 Occidens:
1148 2722 1189 2773 rel
1204 2735 1348 2792 utrumque
1361 2738 1440 2772 ruun-

372 2801 502 2864 humiles,
513 2797 679 2852 sll'ectstione
688 2798 816 2851 scuminis
827 2817 885 2850 esn-
929 2798 958 2853 di
973 2801 1198 2871 hemispherium.

374 2892 493 2935 rescunt.
505 2879 612 2931 Frustra
623 2876 820 2947 inscriptionem
832 2892 886 2931 tsn-
970 2887 998 2943 4,
1007 2881 1108 2950 Pon-igi
1116 2893 1191 2932 terras
1200 2893 1283 2946 vetut,
1297 2897 1370 2932 mare
1381 2878 1440 2932 cin-

375 2973 469 3031 topere
478 2955 742 3012 commendarentur
759 2958 884 3029 Scaliger.
929 2978 993 3028 gens
1004 2974 1030 3013 et
1040 2979 1165 3013 coercens
1179 2972 1274 3014 terrum
1289 2960 1370 3012 instsr
1381 2957 1441 3010 cin·

375 3037 557 3093 Metiusenim
573 3037 689 3090 Hercules
708 3041 734 3090 in
756 3037 828 3090 ofin
844 3036 886 3090 di·
929 3039 1191 3110 guli-Quacumque
1201 3041 1304 3102 Nereus,
1313 3039 1440 3090 stolium

376 3119 472 3182 sisset,
499 3118 567 3171 sicut
593 3117 708 3186 OEdipus
735 3121 760 3168 in
784 3117 885 3170 Colono.
929 3118 1055 3173 Hercules
1066 3121 1158 3172 orbem
1173 3119 1340 3192 peragravit,
1356 3129 1384 3170 ut
1395 3135 1441 3186 ps-

377 3197 440 3251 Non
458 3198 530 3251 euim
554 3215 615 3268 ego,
637 3195 739 3249 cladem
759 3198 844 3250 cnut
864 3198 886 3252 si
929 3217 986 3251 cern
1002 3199 1074 3251 orbis
1088 3212 1202 3269 peruret.
1225 3200 1321 3252 Seneca
1342 3195 1376 3249 de
1394 3197 1443 3248 Be·

376 3289 502 3342 tructem,
511 3290 537 3330 et
550 3277 613 3330 hinc
624 3275 714 3329 tlrsms
725 3277 887 3341 confictum,
929 3279 984 3331 nel.
998 3278 1044 3331 lib.
1057 3279 1085 3331 1:
1102 3279 1246 3332 ellercules
1259 3278 1307 3330 sibi
1322 3277 1388 3328 nihil
1398 3275 1442 3327 ri-

380 3357 492 3412 Crassum
501 3357 618 3408 Parthum
630 3357 787 3418 inscribam,
801 3355 847 3409 sed
862 3363 887 3410 in
929 3359 980 3410 cit:
996 3358 1087 3410 orbem
1102 3369 1231 3412 terrarum
1242 3355 1360 3411 transivit
1369 3395 1375 3420 ,
1384 3373 1442 3408 nou

379 3437 494 3499 Partitis:
514 3449 539 3490 et
558 3437 695 3505 Pompeium
717 3441 742 3487 iu
756 3436 886 3508 AEgypm,
930 3437 1160 3507 concupiscendo,
1196 3437 1241 3490 sed
1270 3432 1442 3490 vindicando.

381 3519 455 3587 eujus
470 3516 622 3568 ctsnstitutio
635 3533 690 3568 esse
704 3528 789 3583 posset
803 3517 887 3587 qualis
930 3515 1003 3582 Quid
1018 3517 1133 3569 vinceret
1143 3518 1272 3570 mulorum
1284 3515 1377 3578 hostis,
1390 3515 1443 3568 ho·

382 3595 498 3664 AEschyli
508 3597 599 3648 Persa.
608 3597 645 3646 lta
658 3595 782 3663 Iplu'genia
795 3601 820 3647 r'n
830 3599 885 3648 Au·
929 3583 1026 3650 noimu
1040 3594 1153 3663 vindex,
1168 3609 1298 3650 terrerum
1309 3595 1443 3665 murhque

381 3675 443 3739 lide,
458 3678 482 3726 s'u
494 3676 592 3739 Tastris,
604 3676 746 3726 Philoctetes
756 3679 781 3726 ln
790 3677 887 3740 huno,
930 3680 1058 3749 pscstori'
1072 3701 1083 3724 s

381 3759 407 3806 s'n
419 3755 510 3824 Troju,·
527 3755 562 3806 itu
572 3753 664 3823 Septem
673 3758 707 3805 ud
719 3755 821 3818 Thebas,
833 3775 887 3812 uon
972 3775 998 3824 7.
1024 3753 1075 3808 Sed
1095 3757 1155 3809 milti
1177 3756 1276 3820 culum,
1302 3767 1350 3808 etc.
1375 3751 1444 3807 Vitl.

385 3835 493 3886 Thebani
501 3848 600 3902 septem:
610 3853 692 3904 quum
700 3874 707 3896 ,
716 3848 827 3902 excepto
837 3837 887 3888 Po·
931 3835 1071 3888 Animstlv.

355 3957 359 3966 .
379 3913 484 3984 lynice,
501 3933 579 3966 nemo
593 3931 608 3966 e
622 3913 733 3966 ducibus
745 3913 889 3968 Thebanus
973 3918 1000 3970 8.
1015 3915 1105 3980 Parni,
1119 3914 1241 3985 sdparui.

382 4006 458 4047 esset.
481 3993 552 4046 uste
576 4012 638 4063 ergo
665 3993 776 4063 vulgus,
795 3994 888 4064 Septem
972 4013 999 4064 9.
1020 3997 1107 4067 Teque.
1122 3995 1197 4060 Quin
1210 3995 1265 4066 ipsu
1278 3993 1350 4045 Juno
1362 4003 1444 4046 testu·

386 4072 501 4126 Thiasi
527 4073 620 4126 Cicero
642 4090 749 4143 quoque
771 4081 887 4141 παχυλῦς
932 4087 977 4128 tur
991 4088 1017 4128 te
1031 4093 1120 4128 meum
1141 4093 1196 4127 esse
1210 4071 1396 4144 putrentium
1413 4091 1443 4125 se

271 4147 273 4155 ⁴
384 4153 511 4224 OEsle'pnrs
523 4152 652 4206 Coloneum
660 4151 735 4205 dixit.
746 4152 888 4208 llcrculeru
931 4155 998 4208 mihi
1017 4153 1085 4210 adeo
1100 4154 1230 4208 infensam
1252 4153 1362 4224 prebet.
1375 4149 1441 4204 Virl.
