3130 5108
358 488 404 556 80
653 491 692 556 L.
719 475 894 558 ANNAEI
920 488 1146 558 SENECAE‘

405 611 496 682 Elisa
515 609 641 705 pressi?
660 625 773 678 tensus
792 610 854 679 hae
871 635 967 678 arcus
987 635 1089 680 manu

404 724 510 792 Astris
528 723 570 791 ab
588 719 668 815 ipsis
687 719 807 789 detulit
824 718 1094 813 Stymphalidas?

407 833 469 901 His
489 855 550 926 ego
569 832 704 898 citatem
721 829 887 930 gressibus
910 830 974 898 vici
993 829 1115 914 feram,

406 940 569 1010 Rediaute
588 938 715 1010 clarum
738 938 849 1007 fronte
870 951 1052 1032 gestantem
1073 938 1195 1032 caput?

405 1052 467 1118 His
484 1049 588 1118 fracta
607 1046 709 1141 Calpe
727 1048 881 1116 manibus
903 1046 989 1116 elisit
1011 1047 1157 1117 fretum?

406 1161 466 1228 His
487 1159 650 1244 torseris,
668 1173 718 1226 tot
737 1157 877 1242 scelera,
896 1171 948 1226 tot
965 1182 1057 1250 reges
1070 1158 1205 1252 jacent?

405 1271 467 1340 His
486 1268 631 1338 mundus
646 1269 793 1337 humeris
809 1267 918 1336 sedit?
935 1267 1005 1338 haee
1023 1267 1125 1336 moles
1142 1294 1216 1338 mee
1232 1271 1303 1339 est?

369 1441 374 1450 .
407 1385 529 1450 Haecne
548 1378 602 1448 illa
621 1376 755 1447 cervix?
774 1377 832 1446 has
850 1401 912 1471 ego
930 1377 1071 1471 opposui
1093 1401 1211 1446 manus

408 1490 497 1562 caeto
529 1488 663 1559 ruenti?
678 1488 784 1582 cujus,
800 1513 837 1574 o,
854 1502 965 1574 eustos
987 1511 1089 1556 manu

408 1601 573 1670 Trahetur
593 1599 681 1667 ultra
697 1597 853 1692 Stygius?
871 1621 891 1666 o
909 1598 995 1665 vires
1012 1598 1103 1690 prius

408 1718 448 1782 ln
469 1737 522 1780 me
544 1706 703 1805 sepuitae!
727 1708 807 1802 quid
827 1724 954 1802 petrem
974 1706 1106 1802 appello
1125 1709 1263 1777 iovem?

286 1811 291 1831 ¹
405 1820 497 1910 Quid
515 1845 574 1914 per
591 1824 776 1890 Tonantem
795 1817 929 1888 vindico
947 1815 1064 1886 eaelum
1081 1817 1185 1887 mihi?

409 1929 553 2023 Jamjam
570 1953 664 1998 meus
684 1927 837 1996 credetur
852 1927 1075 2020 Amphitryon
1094 1942 1197 2021 pater.

410 2045 642 2132 Quaecumque
661 2037 762 2130 pestis
778 2037 903 2106 viscere
919 2037 954 2104 in
972 2050 1088 2104 nostro
1106 2035 1208 2120 lates,

412 2146 557 2219 Procede
574 2172 582 2214 τ
601 2145 682 2240 quid
699 2170 751 2214 me
771 2144 908 2214 vulnere
928 2143 1060 2214 occulto
1080 2146 1187 2239 petis?

411 2260 496 2347 Quis
518 2273 551 2326 te
572 2257 634 2325 sub
655 2281 715 2324 exe
733 2255 855 2350 frigido
878 2269 1002 2349 pontus
1016 2255 1168 2348 Scythes,

410 2371 496 2460 Quae
513 2369 607 2464 pigra
624 2365 748 2459 Tethys
770 2367 903 2460 genuit,
917 2378 975 2434 out
993 2367 1151 2434 Maurum
1167 2389 1321 2458 premens

411 2482 508 2550 lbera
525 2477 629 2572 Calpe
647 2474 747 2545 litus?
773 2501 793 2544 o
817 2475 928 2543 dirum
947 2470 1091 2542 molum!

409 2595 576 2660 Utrumne
594 2611 730 2680 serpens
746 2583 932 2678 squalidum
950 2585 1051 2651 crista
1071 2598 1173 2677 ceput

410 2698 579 2768 Vibrans?
597 2722 640 2764 an
659 2695 794 2790 aliquod
813 2711 863 2764 est
881 2694 965 2762 mihi
982 2696 1134 2787 ignotum
1155 2691 1306 2762 malum?
1372 2725 1396 2752 n

411 2805 585 2900 Numquid
605 2829 723 2872 cruore
743 2829 776 2872 es
796 2807 906 2898 genita
925 2807 1067 2872 Iernaeae
1085 2801 1182 2871 ferae?

414 2923 466 2987 An
486 2931 519 2984 te
537 2913 673 3007 reliquit
688 2915 821 3008 Stygius
840 2914 873 2982 in
893 2914 989 2982 terris
1008 2913 1123 2982 cauis?

407 3099 602 3171 1237.Detu1r't.
610 3098 761 3170 Pracipites
767 3098 871 3170 dejecit.
961 3105 1046 3164 ¹²46·
1063 3099 1153 3167 Cujus,
1167 3111 1218 3152 eto.
1232 3101 1300 3165 Quis
1316 3100 1429 3171 posthac

406 3182 491 3236 1238.
512 3181 629 3234 Cicutam.
646 3179 759 3232 Ceriam
780 3179 872 3248 reripc·
918 3179 1065 3231 Cerberum
1077 3179 1110 3230 ob
1127 3178 1220 3231 inseris
1235 3181 1376 3233 extrahet?

366 3263 448 3326 dem,
472 3261 559 3314 eureis
583 3273 706 3312 ceterum
726 3256 872 3312 radiantem
961 3261 1045 3320 1246.
1060 3260 1090 3310 In
1109 3277 1153 3310 me.
1174 3259 1240 3321 Qun
1257 3260 1322 3312 olim
1342 3259 1369 3312 in
1384 3277 1429 3312 me

366 3341 499 3394 cornibus.
513 3340 592 3392 Herc.
604 3339 667 3390 Fur.
678 3356 716 3391 vs.
733 3356 800 3392 m.
917 3337 1049 3408 vigebant.
1059 3334 1123 3388 vid.
1135 3336 1278 3393 animadv.

407 3419 577 3489 ntoculpe,
585 3418 729 3480 Bimuris;e
737 3415 874 3470 Columnis
962 3423 1013 3478 ¹²6
1019 3436 1043 3485 7.
1059 3416 1128 3486 Quid
1133 3435 1180 3485 per
1190 3418 1321 3470 Tonantem
1330 3418 1431 3472 vindico

365 3499 485 3554 Herculis
499 3517 559 3550 uno.
567 3495 631 3550 Vid.
642 3498 721 3549 Herc.
730 3497 751 3548 F
753 3516 794 3549 ur.
807 3495 872 3566 ²³7·
918 3497 1002 3548 celum
1015 3497 1093 3548 milri?
1102 3495 1327 3568 computatore
1338 3516 1429 3569 super-

364 3610 404 3622 —-
416 3581 491 3632 Etr'u‘t
499 3578 599 3644 fretum.
616 3578 705 3629 Immo
716 3577 813 3629 fretum
825 3576 873 3628 eti·
916 3575 1298 3648 biens,creiumspero?Georg.
1307 3577 1373 3642 1V,3
1381 3580 1427 3630 26:

365 3661 398 3713 sit
413 3657 529 3727 Calpen,
549 3670 575 3710 et
596 3673 644 3726 per
665 3673 722 3708 earn
745 3656 795 3708 sibi
811 3673 872 3726 per·
921 3652 1007 3742 uquid
1016 3674 1058 3706 me
1067 3651 1425 3729 caeiomsperare‘jubebastn

365 3740 437 3792 vium
452 3737 529 3800 iecit,
545 3737 651 3804 iuvante
665 3735 790 3788 Hercule.
959 3738 1038 3788 125¹.
1056 3735 1152 3804 Quiete
1166 3739 1251 3804 generis
1260 3744 1274 3785 θ
1284 3735 1362 3789 Unde
1375 3736 1430 3788 hoo

408 3824 491 3879 ιώ.
507 3815 555 3866 Hir
575 3814 684 3868 mundus.
711 3815 789 3866 Here.
810 3814 874 3868 Fur.
918 3805 1106 3866 venenumio
1127 3815 1196 3866 mori
1214 3817 1351 3886 Scythico,
1375 3815 1430 3867 Bo·

365 3918 390 3950 v.
405 3899 470 3968 73...
483 3921 494 3942 ι
503 3896 616 3948 Immotn
628 3895 717 3948 cervix
731 3891 833 3957 sidero,
848 3906 875 3946 et
918 3893 981 3945 reali
991 3906 1036 3945 aut
1048 3893 1190 3950 Atlantico.

364 3979 457 4032 cetum
483 3975 552 4028 tulit.
573 4005 613 4016 -
636 3974 699 4024 Hoec
712 3974 791 4025 moles.
806 3973 875 4026 Hoc·
961 3973 1045 4026 1256.
1059 3973 1184 4039 Lernaeoe,
1199 3972 1300 4045 hydra.

364 4057 424 4111 eine
438 4073 536 4126 corpus
550 4052 617 4107 iilud
630 4071 718 4108 meum
736 4051 871 4124 quondum
961 4051 1045 4120 12⁵7.
1062 4054 1106 4105 An
1121 4065 1155 4116 re,
1174 4066 1224 4107 eto.
1244 4073 1278 4108 an
1292 4053 1430 4108 aconitum

364 4140 500 4190 toronum?
917 4129 1036 4194 illurn,
1055 4145 1148 4187 uatum
1158 4151 1174 4186 e
1186 4133 1295 4188 Cerberi
1310 4151 1404 4208 spuma
1416 4131 1430 4188 ?
