3220 5128
391 495 463 570 256
592 495 887 565 ADSCRlPTA
913 499 952 566 L.
978 498 1018 566 Α.
1044 497 1259 570 SENECAE

877 617 1041 712 Conjugis
1058 644 1138 708 oru3

537 732 614 802 Non
633 729 757 798 invisos
775 727 901 798 intrare
918 729 1001 800 mibi

537 833 717 910 Thalamos
734 837 889 909 famulae:
906 864 1003 908 soror
1017 842 1175 936 Augusti,

877 953 954 1020 Non
973 975 1077 1034 uxor,
1096 975 1166 1023 ero.

536 1060 660 1131 Absint
683 1073 812 1130 tantum
835 1059 947 1129 tristes
969 1084 1097 1155 prunos,

535 1170 678 1265 Letique
700 1184 818 1240 metus.
837 1167 1007 1240 Scelerum
1027 1168 1115 1254 diri,

536 1280 746 1366 Miseranda,
764 1281 828 1349 viri
847 1294 941 1374 potes
959 1280 1046 1366 haec,
1064 1279 1218 1364 demens,

536 1393 677 1484 Sperare
695 1389 851 1458 memor?
868 1389 929 1458 hos
944 1388 987 1458 ad
1006 1387 1171 1459 thalamos

536 1501 673 1572 Servata
691 1497 766 1583 diu,
789 1499 925 1568 victima
943 1497 1077 1568 taudem

533 1613 678 1679 Funesta
698 1609 807 1678 cades.
827 1607 894 1678 Sed
914 1607 996 1704 quid
1020 1609 1145 1702 patrios

536 1722 630 1814 Saepe
649 1733 784 1815 penates
803 1719 938 1813 respicis
957 1717 1032 1786 udis

534 1829 683 1899 Confusa
706 1827 821 1923 genis?
841 1851 984 1923 propera
1002 1826 1097 1896 tectis

533 1937 664 2010 Efferre
683 1938 829 2033 gradus:
849 1936 963 2032 linque
983 1949 1157 2006 cruentam

874 2046 1039 2143 Principis
1058 2044 1181 2116 aulam.

536 2179 644 2227 cnon.
667 2161 717 2226 En
736 2155 845 2225 illuxit
863 2170 1015 2251 suspecta
1035 2155 1093 2224 diu

534 2269 637 2336 Fama
658 2267 756 2336 toties
770 2267 895 2361 jactata
917 2263 1003 2337 dies!

534 2379 642 2449 Cessit
659 2375 815 2446 thalamis
835 2375 976 2448 Claudia
994 2373 1059 2446 diri

782 2499 786 2506 '
877 2485 974 2556 Pulsa
997 2485 1163 2573 Neronis,

535 2597 631 2686 Quos
646 2595 717 2689 jam
738 2597 858 2665 victrix
875 2597 1019 2692 Poppaea
1038 2611 1153 2682 tenet,

430 2785 498 2843 655.
509 2787 635 2860 conjugis.
645 2789 778 2845 Dormitat
787 2790 902 2846 Funab.
948 2790 998 2845 u'bi
1014 2790 1114 2846 scilieet
1125 2801 1156 2845 ut
1168 2802 1275 2861 parcat,
1287 2789 1334 2862 qui
1351 2808 1460 2863 parcere

389 2867 455 2923 dum
466 2868 510 2922 hic
520 2865 638 2922 adnotat:
651 2895 662 2916 ·
672 2870 823 2940 Poppaeo.»
832 2875 904 2926 Nero
947 2870 1041 2924 solitus
1051 2869 1174 2924 nuuinil
1187 2896 1199 2918 ι

389 2962 443 3007 est,
453 2967 534 3020 quem
543 2951 666 3019 conjugem
676 2949 790 3020 appellat
801 2969 903 3013 sarum,
990 2952 1058 3004 662.
1076 2949 1131 3002 Hos
1146 2949 1181 3001 od
1196 2951 1320 3003 tholam.
1342 2949 1381 3002 Ut
1395 2948 1460 3004 ltuio

389 3025 562 3082 meditantem
583 3027 617 3082 ad
634 3029 789 3099 gravissima
810 3041 904 3084 contr·
949 3029 1045 3083 marito
1060 3030 1183 3084 nuberes.
1232 3037 1235 3050 “

389 3109 474 3182 ipram
488 3108 589 3162 invehi.
990 3111 1057 3164 666.
1083 3108 1201 3177 Confusa.
1224 3107 1313 3163 Variis
1338 3108 1459 3162 sentibus

431 3188 562 3243 656.Non
570 3187 721 3240 r'.r'ntr.Non
733 3205 814 3257 cogar
822 3186 903 3241 intra·
948 3188 1112 3242 turbata.—
1122 3187 1211 3250 Genu,
1225 3187 1318 3241 oculis.

387 3287 418 3324 ro
430 3269 560 3322 thalamos
572 3267 677 3320 famular
694 3267 794 3320 invisos
808 3266 884 3320 mihi.
989 3265 1357 3338 669.Suspoctusamjactata.
1368 3267 1459 3332 Quam

431 3347 496 3419 657.
513 3345 595 3400 Soror.
610 3347 785 3411 Certororor,
798 3357 828 3400 ut
839 3365 902 3416 pro·
946 3346 1170 3418 pronuntiaverat
1192 3347 1260 3400 lama
1284 3347 1327 3400 vix
1347 3343 1457 3401 credita.

388 3446 423 3498 pe
440 3427 528 3500 inquit
549 3427 638 3491 luno,
659 3425 687 3478 in
710 3425 819 3480 Hercul.
837 3425 902 3480 Fur.
945 3425 1062 3496 Suspecta
1075 3443 1139 3496 orgo
1153 3423 1186 3482 arl
1194 3428 1267 3494 suma
1281 3425 1421 3490 referatur,
1432 3438 1459 3479 et

388 3525 427 3562 vs.
441 3523 467 3570 1,
482 3506 530 3558 ubi
543 3503 603 3558 vide
618 3516 676 3557 uot.
946 3505 1076 3560 ablativus
1089 3518 1145 3573 σοις
1154 3507 1252 3575 jactat·
1264 3505 1300 3559 orl
1310 3506 1369 3572 diu,
1381 3517 1410 3559 et
1419 3517 1460 3558 est

430 3583 496 3652 659.
513 3585 627 3639 Tanton.
650 3583 713 3648 Quo
737 3583 830 3637 saltem
853 3583 902 3637 ali-
945 3585 1136 3639 nominativus.

388 3661 454 3736 quid
481 3663 638 3736 proficiant,
671 3661 779 3716 titulum
809 3665 901 3718 uxoris
989 3669 1054 3736 671.
1076 3664 1194 3718 Claudio.
1211 3661 1457 3730 octastnctaudii

389 3739 559 3816 deponendo.
944 3743 1020 3810 utin
1044 3745 1082 3798 ric
1094 3744 1139 3796 illa
1162 3757 1271 3799 vocatur
1290 3745 1458 3816 frequenter,

430 3819 899 3878 ssosaetemmdutvutunimadv.
943 3835 1057 3894 propter
1079 3823 1166 3894 gentis
1189 3823 1307 3877 Claudio
1329 3822 1458 3877 nobilita·

386 3902 567 3956 -Cuteruru
592 3900 650 3955 huc
669 3901 790 3973 explica:
807 3929 818 3951 ι
838 3915 865 3956 at
881 3921 899 3955 o
943 3915 998 3955 tern
1012 3920 1090 3974 :quar
1107 3915 1168 3956 aute
1178 3903 1319 3957 Tiberium
1333 3901 1459 3956 cousula-

384 3979 533 4036 miseranda
542 4021 551 4048 ,
560 4001 577 4036 o
588 3979 699 4034 demens
710 3980 838 4046 Octavia,
850 4001 898 4053 po·
944 3981 1087 4046 ubuum,
1097 3981 1237 4036 dictatoria
1247 3982 1459 4049 mensurium,

387 4075 425 4118 tes
446 4061 503 4116 huc
526 4078 642 4132 sperare,
667 4079 769 4114 memor
790 4072 817 4114 et
844 4080 899 4115 non
944 4061 1088 4133 triumphis
1101 4081 1146 4126 vr,
1163 4062 1332 4116 orationibus
1348 4080 1387 4125 u,
1404 4059 1460 4114 luit

386 4143 469 4197 oblita
495 4141 623 4198 scelerum
642 4139 804 4196 detortobilis
825 4141 875 4195 viri
888 4141 901 4196 ἓ
943 4140 1066 4208 illustris,
1081 4155 1148 4196 terte
1160 4141 1233 4196 Suet.
1247 4142 1275 4196 in
1286 4139 1406 4196 Tiberio.
