<?xml version="1.0" encoding="UTF-8"?>
<!DOCTYPE html PUBLIC "-//W3C//DTD XHTML 1.0 Transitional//EN"
    "http://www.w3.org/TR/xhtml1/DTD/xhtml1-transitional.dtd">
<html xmlns="http://www.w3.org/1999/xhtml" xml:lang="en" lang="en">
 <head>
  <title>
</title>
<meta http-equiv="Content-Type" content="text/html;charset=utf-8" />
  <meta name='ocr-system' content='tesseract 3.04.00' />
  <meta name='ocr-capabilities' content='ocr_page ocr_carea ocr_par ocr_line ocrx_word'/>
</head>
<body>
  <div class='ocr_page' id='page_1' title='image "./lannsenecparste00piergoog/lannsenecparste00piergoog_0311.png"; bbox 0 0 3198 5132; ppageno 0'>
   <div class='ocr_carea' id='block_1_1' title="bbox 460 519 1258 598">
    <p class='ocr_par' dir='ltr' id='par_1_1' title="bbox 460 519 1258 598">
     <span class='ocr_line' id='line_1_1' title="bbox 460 519 1258 598; baseline 0.015 -12"><span class='ocrx_word' id='word_1_1' title='bbox 460 519 1000 590; x_wconf 79' lang='lat' dir='ltr'><strong>ANIMADVERSIONES.</strong></span> <span class='ocrx_word' id='word_1_2' title='bbox 1192 523 1258 598; x_wconf 80' lang='lat'><strong>301</strong></span> 
     </span>
    </p>
   </div>
   <div class='ocr_carea' id='block_1_2' title="bbox 197 649 1263 803">
    <p class='ocr_par' dir='ltr' id='par_1_2' title="bbox 197 649 1263 803">
     <span class='ocr_line' id='line_1_2' title="bbox 197 649 1263 730; baseline -0.003 -23"><span class='ocrx_word' id='word_1_3' title='bbox 197 649 354 724; x_wconf 60' lang='lat' dir='ltr'><strong>legendum</strong></span> <span class='ocrx_word' id='word_1_4' title='bbox 370 671 377 702; x_wconf 72' lang='lat' dir='ltr'>e</span> <span class='ocrx_word' id='word_1_5' title='bbox 393 669 416 704; x_wconf 82' lang='lat' dir='ltr'><strong>e.</strong></span> <span class='ocrx_word' id='word_1_6' title='bbox 435 662 466 703; x_wconf 86' lang='lat' dir='ltr'><strong>st.</strong></span> <span class='ocrx_word' id='word_1_7' title='bbox 483 651 529 703; x_wconf 87' lang='lat' dir='ltr'><strong>Pr.</strong></span> <span class='ocrx_word' id='word_1_8' title='bbox 548 653 593 702; x_wconf 82' lang='lat' dir='ltr'><strong>oesi</strong></span> <span class='ocrx_word' id='word_1_9' title='bbox 612 649 727 702; x_wconf 72' lang='lat' dir='ltr'><strong>trudente</strong></span> <span class='ocrx_word' id='word_1_10' title='bbox 746 663 817 704; x_wconf 82' lang='lat' dir='ltr'><strong>metu.</strong></span> <span class='ocrx_word' id='word_1_11' title='bbox 834 651 912 715; x_wconf 74' lang='lat' dir='ltr'><strong>AEei,</strong></span> <span class='ocrx_word' id='word_1_12' title='bbox 930 651 1000 705; x_wconf 82' lang='lat' dir='ltr'><strong>vitre.</strong></span> <span class='ocrx_word' id='word_1_13' title='bbox 1015 650 1086 706; x_wconf 80' lang='lat' dir='ltr'><strong>Vite</strong></span> <span class='ocrx_word' id='word_1_14' title='bbox 1103 669 1179 710; x_wconf 80' lang='lat' dir='ltr'><strong>emor</strong></span> <span class='ocrx_word' id='word_1_15' title='bbox 1199 677 1263 730; x_wconf 78' lang='lat' dir='ltr'><strong>pro.</strong></span> 
     </span>
     <span class='ocr_line' id='line_1_3' title="bbox 197 730 1005 803; baseline -0.002 -17"><span class='ocrx_word' id='word_1_16' title='bbox 197 734 288 803; x_wconf 83' lang='lat' dir='ltr'><strong>prium</strong></span> <span class='ocrx_word' id='word_1_17' title='bbox 302 749 439 786; x_wconf 82' lang='lat' dir='ltr'><strong>servorum</strong></span> <span class='ocrx_word' id='word_1_18' title='bbox 452 733 545 801; x_wconf 63' lang='lat' dir='ltr'><strong>Apum.</strong></span> <span class='ocrx_word' id='word_1_19' title='bbox 560 730 614 801; x_wconf 77' lang='lat'><strong>5⁸9</strong></span> <span class='ocrx_word' id='word_1_20' title='bbox 627 731 790 802; x_wconf 77' lang='lat' dir='ltr'><strong>,supreroL</strong></span> <span class='ocrx_word' id='word_1_21' title='bbox 801 732 844 795; x_wconf 88' lang='grc' dir='ltr'><strong>ΙΙ,</strong></span> <span class='ocrx_word' id='word_1_22' title='bbox 858 748 917 801; x_wconf 77' lang='lat' dir='ltr'><strong>peg.</strong></span> <span class='ocrx_word' id='word_1_23' title='bbox 932 730 1005 784; x_wconf 83' lang='lat'><strong>505:</strong></span> 
     </span>
    </p>
   </div>
   <div class='ocr_carea' id='block_1_3' title="bbox 411 833 1017 1064">
    <p class='ocr_par' dir='ltr' id='par_1_3' title="bbox 411 833 1017 1064">
     <span class='ocr_line' id='line_1_4' title="bbox 414 833 1017 894; baseline 0.002 -15"><span class='ocrx_word' id='word_1_24' title='bbox 414 835 465 879; x_wconf 82' lang='lat' dir='ltr'><strong>ileu</strong></span> <span class='ocrx_word' id='word_1_25' title='bbox 479 847 548 894; x_wconf 82' lang='lat' dir='ltr'><strong>quem</strong></span> <span class='ocrx_word' id='word_1_26' title='bbox 564 833 633 880; x_wconf 89' lang='lat' dir='ltr'><strong>dulce</strong></span> <span class='ocrx_word' id='word_1_27' title='bbox 646 833 732 880; x_wconf 80' lang='lat' dir='ltr'><strong>melum</strong></span> <span class='ocrx_word' id='word_1_28' title='bbox 745 833 883 880; x_wconf 70' lang='lat' dir='ltr'><strong>mortalibus</strong></span> <span class='ocrx_word' id='word_1_29' title='bbox 895 833 1017 891; x_wconf 82' lang='lat' dir='ltr'><strong>edditum,</strong></span> 
     </span>
     <span class='ocr_line' id='line_1_5' title="bbox 411 912 899 974; baseline 0.002 -17"><span class='ocrx_word' id='word_1_30' title='bbox 411 913 471 958; x_wconf 67' lang='lat' dir='ltr'><strong>vire</strong></span> <span class='ocrx_word' id='word_1_31' title='bbox 482 912 547 958; x_wconf 86' lang='lat' dir='ltr'><strong>dirus</strong></span> <span class='ocrx_word' id='word_1_32' title='bbox 560 927 636 966; x_wconf 84' lang='lat' dir='ltr'><strong>emor,</strong></span> <span class='ocrx_word' id='word_1_33' title='bbox 651 928 723 974; x_wconf 82' lang='lat' dir='ltr'><strong>quum</strong></span> <span class='ocrx_word' id='word_1_34' title='bbox 739 922 818 974; x_wconf 82' lang='lat' dir='ltr'><strong>petest</strong></span> <span class='ocrx_word' id='word_1_35' title='bbox 833 913 899 958; x_wconf 77' lang='lat' dir='ltr'><strong>melis</strong></span> 
     </span>
     <span class='ocr_line' id='line_1_6' title="bbox 413 991 1008 1064; baseline 0 -26"><span class='ocrx_word' id='word_1_36' title='bbox 413 991 546 1054; x_wconf 61' lang='lat' dir='ltr'><strong>Elluy&#39;um,</strong></span> <span class='ocrx_word' id='word_1_37' title='bbox 559 1002 583 1038; x_wconf 89' lang='lat' dir='ltr'><strong>et</strong></span> <span class='ocrx_word' id='word_1_38' title='bbox 596 995 693 1040; x_wconf 90' lang='lat' dir='ltr'><strong>miseros</strong></span> <span class='ocrx_word' id='word_1_39' title='bbox 705 993 778 1039; x_wconf 83' lang='lat' dir='ltr'><strong>libers</strong></span> <span class='ocrx_word' id='word_1_40' title='bbox 789 1007 853 1038; x_wconf 86' lang='lat' dir='ltr'><strong>mors</strong></span> <span class='ocrx_word' id='word_1_41' title='bbox 867 1001 948 1048; x_wconf 85' lang='lat' dir='ltr'><strong>vocet,</strong></span> <span class='ocrx_word' id='word_1_42' title='bbox 963 1001 1008 1064; x_wconf 77' lang='lat' dir='ltr'><strong>etc.</strong></span> 
     </span>
    </p>
   </div>
   <div class='ocr_carea' id='block_1_4' title="bbox 198 1111 1064 1366">
    <p class='ocr_par' dir='ltr' id='par_1_4' title="bbox 198 1111 1064 1366">
     <span class='ocr_line' id='line_1_7' title="bbox 198 1111 1064 1185; baseline -0.003 -19"><span class='ocrx_word' id='word_1_43' title='bbox 198 1111 288 1169; x_wconf 81' lang='lat' dir='ltr'><strong>Minus</strong></span> <span class='ocrx_word' id='word_1_44' title='bbox 298 1124 371 1168; x_wconf 86' lang='lat' dir='ltr'><strong>recte</strong></span> <span class='ocrx_word' id='word_1_45' title='bbox 380 1132 430 1185; x_wconf 91' lang='lat' dir='ltr'><strong>pro</strong></span> <span class='ocrx_word' id='word_1_46' title='bbox 441 1132 503 1166; x_wconf 76' lang='lat' dir='ltr'><strong>suso</strong></span> <span class='ocrx_word' id='word_1_47' title='bbox 515 1113 600 1166; x_wconf 87' lang='lat' dir='ltr'><strong>Grou.</strong></span> <span class='ocrx_word' id='word_1_48' title='bbox 609 1114 756 1184; x_wconf 71' lang='lat' dir='ltr'>reponebat</span> <span class='ocrx_word' id='word_1_49' title='bbox 766 1117 836 1176; x_wconf 68' lang='lat' dir='ltr'><strong>acri,</strong></span> <span class='ocrx_word' id='word_1_50' title='bbox 852 1113 962 1168; x_wconf 89' lang='lat' dir='ltr'><strong>Grotius</strong></span> <span class='ocrx_word' id='word_1_51' title='bbox 977 1125 1040 1166; x_wconf 81' lang='lat' dir='ltr'><strong>etro.</strong></span> <span class='ocrx_word' id='word_1_52' title='bbox 1052 1139 1064 1163; x_wconf 80' lang='grc' dir='ltr'><strong>ι</strong></span> 
     </span>
     <span class='ocr_line' id='line_1_8' title="bbox 241 1205 883 1276; baseline 0.002 -18"><span class='ocrx_word' id='word_1_53' title='bbox 241 1214 307 1276; x_wconf 72' lang='grc'><strong>094.</strong></span> <span class='ocrx_word' id='word_1_54' title='bbox 321 1205 483 1276; x_wconf 70' lang='lat' dir='ltr'><strong>Expulerunt.</strong></span> <span class='ocrx_word' id='word_1_55' title='bbox 497 1205 627 1259; x_wconf 85' lang='lat' dir='ltr'><strong>Nonnulli</strong></span> <span class='ocrx_word' id='word_1_56' title='bbox 644 1205 721 1260; x_wconf 84' lang='lat' dir='ltr'><strong>MSS.</strong></span> <span class='ocrx_word' id='word_1_57' title='bbox 735 1207 883 1276; x_wconf 75' lang='lat' dir='ltr'><strong>sepulerum.</strong></span> 
     </span>
     <span class='ocr_line' id='line_1_9' title="bbox 241 1296 898 1366; baseline -0.003 -14"><span class='ocrx_word' id='word_1_58' title='bbox 241 1302 306 1366; x_wconf 79' lang='lat'><em>296.</em></span> <span class='ocrx_word' id='word_1_59' title='bbox 322 1298 427 1350; x_wconf 69' lang='lat' dir='ltr'><strong>Dextra.</strong></span> <span class='ocrx_word' id='word_1_60' title='bbox 442 1296 486 1351; x_wconf 86' lang='lat' dir='ltr'><strong>Sic</strong></span> <span class='ocrx_word' id='word_1_61' title='bbox 501 1297 631 1351; x_wconf 87' lang='lat' dir='ltr'><strong>Commel.</strong></span> <span class='ocrx_word' id='word_1_62' title='bbox 645 1297 698 1351; x_wconf 80' lang='lat' dir='ltr'><strong>Alii</strong></span> <span class='ocrx_word' id='word_1_63' title='bbox 711 1298 779 1351; x_wconf 80' lang='lat' dir='ltr'><strong>mele</strong></span> <span class='ocrx_word' id='word_1_64' title='bbox 790 1299 898 1352; x_wconf 68' lang='lat' dir='ltr'><strong>deutero.</strong></span> 
     </span>
    </p>
   </div>
   <div class='ocr_carea' id='block_1_5' title="bbox 197 1389 1261 1703">
    <p class='ocr_par' dir='ltr' id='par_1_5' title="bbox 197 1389 1261 1703">
     <span class='ocr_line' id='line_1_10' title="bbox 239 1389 1261 1462; baseline 0.006 -18"><span class='ocrx_word' id='word_1_65' title='bbox 239 1393 303 1460; x_wconf 78' lang='lat'><strong>298.</strong></span> <span class='ocrx_word' id='word_1_66' title='bbox 312 1392 427 1444; x_wconf 83' lang='lat' dir='ltr'><strong>Paterere</strong></span> <span class='ocrx_word' id='word_1_67' title='bbox 435 1407 519 1458; x_wconf 72' lang='lat' dir='ltr'><strong>grase,</strong></span> <span class='ocrx_word' id='word_1_68' title='bbox 530 1391 781 1462; x_wconf 70' lang='lat' dir='ltr'><strong>ontimprobafimt.</strong></span> <span class='ocrx_word' id='word_1_69' title='bbox 796 1389 838 1444; x_wconf 81' lang='lat' dir='ltr'><strong>Ad</strong></span> <span class='ocrx_word' id='word_1_70' title='bbox 849 1391 877 1445; x_wconf 83' lang='lat' dir='ltr'><strong>h.</strong></span> <span class='ocrx_word' id='word_1_71' title='bbox 890 1391 908 1444; x_wconf 93' lang='lat' dir='ltr'><strong>l.</strong></span> <span class='ocrx_word' id='word_1_72' title='bbox 920 1391 957 1444; x_wconf 88' lang='lat' dir='ltr'><strong>sic</strong></span> <span class='ocrx_word' id='word_1_73' title='bbox 969 1391 1045 1446; x_wconf 84' lang='lat' dir='ltr'><strong>Both.</strong></span> <span class='ocrx_word' id='word_1_74' title='bbox 1061 1393 1146 1448; x_wconf 75' lang='lat' dir='ltr'><strong>«Pell.</strong></span> <span class='ocrx_word' id='word_1_75' title='bbox 1160 1409 1186 1450; x_wconf 87' lang='lat' dir='ltr'><strong>et</strong></span> <span class='ocrx_word' id='word_1_76' title='bbox 1197 1397 1261 1457; x_wconf 84' lang='lat' dir='ltr'><strong>edd.</strong></span> 
     </span>
     <span class='ocr_line' id='line_1_11' title="bbox 197 1465 1261 1551; baseline 0.001 -27"><span class='ocrx_word' id='word_1_77' title='bbox 197 1482 262 1524; x_wconf 77' lang='lat' dir='ltr'><strong>vett.</strong></span> <span class='ocrx_word' id='word_1_78' title='bbox 275 1465 386 1540; x_wconf 72' lang='lat' dir='ltr'><strong>grueret</strong></span> <span class='ocrx_word' id='word_1_79' title='bbox 400 1471 522 1541; x_wconf 80' lang='lat' dir='ltr'><strong>improbe,</strong></span> <span class='ocrx_word' id='word_1_80' title='bbox 538 1483 590 1525; x_wconf 88' lang='lat' dir='ltr'><strong>etc.</strong></span> <span class='ocrx_word' id='word_1_81' title='bbox 606 1477 640 1524; x_wconf 84' lang='grc' dir='ltr'><strong>Τὸ</strong></span> <span class='ocrx_word' id='word_1_82' title='bbox 655 1482 701 1523; x_wconf 78' lang='lat' dir='ltr'><strong>aut</strong></span> <span class='ocrx_word' id='word_1_83' title='bbox 719 1471 926 1536; x_wconf 84' lang='lat' dir='ltr'><strong>substituerunt,</strong></span> <span class='ocrx_word' id='word_1_84' title='bbox 946 1471 992 1543; x_wconf 92' lang='lat' dir='ltr'><strong>qui</strong></span> <span class='ocrx_word' id='word_1_85' title='bbox 1013 1474 1100 1525; x_wconf 84' lang='lat' dir='ltr'><strong>versui</strong></span> <span class='ocrx_word' id='word_1_86' title='bbox 1121 1467 1261 1551; x_wconf 68' lang='lat' dir='ltr'><strong>prospice.</strong></span> 
     </span>
     <span class='ocr_line' id='line_1_12' title="bbox 198 1549 1261 1622; baseline 0.011 -20"><span class='ocrx_word' id='word_1_87' title='bbox 198 1563 275 1614; x_wconf 90' lang='lat' dir='ltr'><strong>rent,</strong></span> <span class='ocrx_word' id='word_1_88' title='bbox 293 1568 344 1603; x_wconf 87' lang='lat' dir='ltr'><strong>uec</strong></span> <span class='ocrx_word' id='word_1_89' title='bbox 361 1549 506 1618; x_wconf 78' lang='lat' dir='ltr'><strong>viderunt,</strong></span> <span class='ocrx_word' id='word_1_90' title='bbox 526 1551 562 1603; x_wconf 92' lang='lat' dir='ltr'><strong>ob</strong></span> <span class='ocrx_word' id='word_1_91' title='bbox 578 1551 662 1622; x_wconf 80' lang='lat' dir='ltr'><strong>ipsum</strong></span> <span class='ocrx_word' id='word_1_92' title='bbox 679 1549 836 1604; x_wconf 81' lang='lat' dir='ltr'><strong>sententium</strong></span> <span class='ocrx_word' id='word_1_93' title='bbox 854 1562 880 1604; x_wconf 87' lang='lat' dir='ltr'><strong>et</strong></span> <span class='ocrx_word' id='word_1_94' title='bbox 898 1551 977 1605; x_wconf 84' lang='lat' dir='ltr'><strong>metri</strong></span> <span class='ocrx_word' id='word_1_95' title='bbox 1000 1552 1131 1607; x_wconf 76' lang='lat' dir='ltr'><strong>rationem</strong></span> <span class='ocrx_word' id='word_1_96' title='bbox 1148 1555 1206 1612; x_wconf 77' lang='lat' dir='ltr'><strong>buc</strong></span> <span class='ocrx_word' id='word_1_97' title='bbox 1222 1560 1261 1614; x_wconf 87' lang='lat' dir='ltr'><strong>its</strong></span> 
     </span>
     <span class='ocr_line' id='line_1_13' title="bbox 197 1627 890 1703; baseline -0.001 -20"><span class='ocrx_word' id='word_1_98' title='bbox 197 1627 344 1684; x_wconf 73' lang='lat' dir='ltr'><strong>ordinanda</strong></span> <span class='ocrx_word' id='word_1_99' title='bbox 359 1649 434 1685; x_wconf 88' lang='lat' dir='ltr'><strong>esse:</strong></span> <span class='ocrx_word' id='word_1_100' title='bbox 484 1690 487 1703; x_wconf 91' lang='lat'>.</span> <span class='ocrx_word' id='word_1_101' title='bbox 886 1648 890 1662; x_wconf 78' lang='lat'><strong><em>¹</em></strong></span> 
     </span>
    </p>
   </div>
   <div class='ocr_carea' id='block_1_6' title="bbox 350 1735 861 1880">
    <p class='ocr_par' dir='ltr' id='par_1_6' title="bbox 350 1735 861 1880">
     <span class='ocr_line' id='line_1_14' title="bbox 350 1735 815 1798; baseline -0.002 -15"><span class='ocrx_word' id='word_1_102' title='bbox 350 1767 352 1772; x_wconf 86' lang='lat'><em>.</em></span> <span class='ocrx_word' id='word_1_103' title='bbox 417 1772 422 1782; x_wconf 95' lang='lat'>.</span> <span class='ocrx_word' id='word_1_104' title='bbox 433 1770 623 1783; x_wconf 89' lang='grc'><strong>.............</strong></span> <span class='ocrx_word' id='word_1_105' title='bbox 639 1751 697 1782; x_wconf 74' lang='lat' dir='ltr'><strong>cess</strong></span> <span class='ocrx_word' id='word_1_106' title='bbox 712 1735 815 1798; x_wconf 79' lang='lat' dir='ltr'><strong>parentis</strong></span> 
     </span>
     <span class='ocr_line' id='line_1_15' title="bbox 413 1817 861 1880; baseline 0 -18"><span class='ocrx_word' id='word_1_107' title='bbox 413 1817 449 1863; x_wconf 78' lang='lat' dir='ltr'><strong>Ne</strong></span> <span class='ocrx_word' id='word_1_108' title='bbox 464 1817 584 1864; x_wconf 81' lang='lat' dir='ltr'><strong>servitium</strong></span> <span class='ocrx_word' id='word_1_109' title='bbox 595 1826 702 1880; x_wconf 80' lang='lat' dir='ltr'><strong>peterere</strong></span> <span class='ocrx_word' id='word_1_110' title='bbox 713 1831 796 1878; x_wconf 76' lang='lat' dir='ltr'><strong>greve,</strong></span> <span class='ocrx_word' id='word_1_111' title='bbox 808 1825 861 1874; x_wconf 54' lang='lat' dir='ltr'><strong>etc„</strong></span> 
     </span>
    </p>
   </div>
   <div class='ocr_carea' id='block_1_7' title="bbox 195 1922 1259 2155">
    <p class='ocr_par' dir='ltr' id='par_1_7' title="bbox 195 1922 1259 2155">
     <span class='ocr_line' id='line_1_16' title="bbox 197 1922 1258 1999; baseline 0.005 -23"><span class='ocrx_word' id='word_1_112' title='bbox 197 1923 259 1988; x_wconf 88' lang='lat' dir='ltr'><strong>Quo</strong></span> <span class='ocrx_word' id='word_1_113' title='bbox 273 1925 353 1987; x_wconf 83' lang='lat' dir='ltr'><strong>fecto,</strong></span> <span class='ocrx_word' id='word_1_114' title='bbox 365 1937 460 1994; x_wconf 86' lang='lat' dir='ltr'><strong>sponte</strong></span> <span class='ocrx_word' id='word_1_115' title='bbox 474 1924 644 1994; x_wconf 80' lang='lat' dir='ltr'><strong>intelligitur,</strong></span> <span class='ocrx_word' id='word_1_116' title='bbox 659 1941 747 1995; x_wconf 84' lang='lat' dir='ltr'><strong>neque</strong></span> <span class='ocrx_word' id='word_1_117' title='bbox 761 1934 797 1988; x_wconf 85' lang='lat' dir='ltr'><strong>et,</strong></span> <span class='ocrx_word' id='word_1_118' title='bbox 811 1941 900 1994; x_wconf 85' lang='lat' dir='ltr'><strong>neque</strong></span> <span class='ocrx_word' id='word_1_119' title='bbox 914 1935 958 1975; x_wconf 82' lang='lat' dir='ltr'><strong>eut</strong></span> <span class='ocrx_word' id='word_1_120' title='bbox 970 1922 1035 1977; x_wconf 81' lang='lat' dir='ltr'><strong>ferri</strong></span> <span class='ocrx_word' id='word_1_121' title='bbox 1046 1940 1130 1994; x_wconf 85' lang='lat' dir='ltr'><strong>posse,</strong></span> <span class='ocrx_word' id='word_1_122' title='bbox 1143 1937 1174 1980; x_wconf 87' lang='lat' dir='ltr'><strong>ut</strong></span> <span class='ocrx_word' id='word_1_123' title='bbox 1184 1928 1258 1999; x_wconf 84' lang='lat' dir='ltr'><strong>quod</strong></span> 
     </span>
     <span class='ocr_line' id='line_1_17' title="bbox 197 2001 1259 2075; baseline 0.006 -20"><span class='ocrx_word' id='word_1_124' title='bbox 197 2022 231 2056; x_wconf 89' lang='lat' dir='ltr'><strong>ue</strong></span> <span class='ocrx_word' id='word_1_125' title='bbox 243 2003 333 2056; x_wconf 85' lang='lat' dir='ltr'><strong>inmbo</strong></span> <span class='ocrx_word' id='word_1_126' title='bbox 353 2003 461 2075; x_wconf 85' lang='lat' dir='ltr'><strong>quidem</strong></span> <span class='ocrx_word' id='word_1_127' title='bbox 478 2017 597 2058; x_wconf 85' lang='lat' dir='ltr'><strong>extremo</strong></span> <span class='ocrx_word' id='word_1_128' title='bbox 611 2004 690 2056; x_wconf 78' lang='lat' dir='ltr'><strong>facile</strong></span> <span class='ocrx_word' id='word_1_129' title='bbox 703 2001 843 2068; x_wconf 76' lang='lat' dir='ltr'><strong>admittes,</strong></span> <span class='ocrx_word' id='word_1_130' title='bbox 861 2003 946 2055; x_wconf 88' lang='lat' dir='ltr'><strong>multo</strong></span> <span class='ocrx_word' id='word_1_131' title='bbox 965 2004 1053 2056; x_wconf 89' lang='lat' dir='ltr'><strong>miuus</strong></span> <span class='ocrx_word' id='word_1_132' title='bbox 1069 2005 1176 2058; x_wconf 80' lang='lat' dir='ltr'><strong>cultiori</strong></span> <span class='ocrx_word' id='word_1_133' title='bbox 1195 2028 1259 2064; x_wconf 81' lang='lat' dir='ltr'><strong>nne·</strong></span> 
     </span>
     <span class='ocr_line' id='line_1_18' title="bbox 195 2081 1255 2155; baseline 0.006 -20"><span class='ocrx_word' id='word_1_134' title='bbox 195 2096 285 2153; x_wconf 76' lang='lat' dir='ltr'><strong>pusto.</strong></span> <span class='ocrx_word' id='word_1_135' title='bbox 302 2081 455 2154; x_wconf 84' lang='lat' dir='ltr'><strong>Legendum</strong></span> <span class='ocrx_word' id='word_1_136' title='bbox 467 2085 520 2138; x_wconf 86' lang='lat' dir='ltr'><strong>Nee</strong></span> <span class='ocrx_word' id='word_1_137' title='bbox 526 2084 614 2155; x_wconf 83' lang='lat' dir='ltr'><strong>proba,</strong></span> <span class='ocrx_word' id='word_1_138' title='bbox 626 2081 655 2136; x_wconf 92' lang='lat' dir='ltr'><strong>id</strong></span> <span class='ocrx_word' id='word_1_139' title='bbox 671 2095 725 2147; x_wconf 89' lang='lat' dir='ltr'><strong>est,</strong></span> <span class='ocrx_word' id='word_1_140' title='bbox 737 2081 810 2154; x_wconf 89' lang='lat' dir='ltr'><strong>quod</strong></span> <span class='ocrx_word' id='word_1_141' title='bbox 824 2083 864 2134; x_wconf 92' lang='lat' dir='ltr'><strong>illi</strong></span> <span class='ocrx_word' id='word_1_142' title='bbox 875 2096 1068 2152; x_wconf 86' lang='lat' dir='ltr'><strong>reposuerunt,</strong></span> <span class='ocrx_word' id='word_1_143' title='bbox 1079 2095 1103 2135; x_wconf 88' lang='lat' dir='ltr'><strong>st</strong></span> <span class='ocrx_word' id='word_1_144' title='bbox 1115 2087 1231 2154; x_wconf 81' lang='lat' dir='ltr'><strong>improba.</strong></span> <span class='ocrx_word' id='word_1_145' title='bbox 1243 2115 1255 2141; x_wconf 75' lang='lat' dir='ltr'><strong>s</strong></span> 
     </span>
    </p>
   </div>
   <div class='ocr_carea' id='block_1_8' title="bbox 194 2172 1259 2406">
    <p class='ocr_par' dir='ltr' id='par_1_8' title="bbox 194 2172 1259 2406">
     <span class='ocr_line' id='line_1_19' title="bbox 239 2172 1258 2248; baseline 0.003 -19"><span class='ocrx_word' id='word_1_146' title='bbox 239 2177 302 2230; x_wconf 75' lang='lat' dir='ltr'><strong>dos.</strong></span> <span class='ocrx_word' id='word_1_147' title='bbox 315 2175 413 2229; x_wconf 71' lang='lat' dir='ltr'><strong>Seu...</strong></span> <span class='ocrx_word' id='word_1_148' title='bbox 423 2180 526 2248; x_wconf 57' lang='lat' dir='ltr'><strong>umeri.</strong></span> <span class='ocrx_word' id='word_1_149' title='bbox 538 2177 555 2228; x_wconf 86' lang='lat' dir='ltr'><strong>J</strong></span> <span class='ocrx_word' id='word_1_150' title='bbox 557 2175 655 2228; x_wconf 82' lang='lat' dir='ltr'><strong>acubus</strong></span> <span class='ocrx_word' id='word_1_151' title='bbox 668 2173 754 2228; x_wconf 87' lang='lat' dir='ltr'><strong>Gron.</strong></span> <span class='ocrx_word' id='word_1_152' title='bbox 769 2175 796 2226; x_wconf 88' lang='lat' dir='ltr'><strong>in</strong></span> <span class='ocrx_word' id='word_1_153' title='bbox 817 2172 921 2226; x_wconf 88' lang='lat' dir='ltr'><strong>schedis</strong></span> <span class='ocrx_word' id='word_1_154' title='bbox 934 2173 1021 2226; x_wconf 86' lang='lat' dir='ltr'><strong>Dietz.</strong></span> <span class='ocrx_word' id='word_1_155' title='bbox 1037 2173 1178 2245; x_wconf 73' lang='lat' dir='ltr'><strong>legendum</strong></span> <span class='ocrx_word' id='word_1_156' title='bbox 1193 2197 1258 2232; x_wconf 87' lang='lat' dir='ltr'><strong>con·</strong></span> 
     </span>
     <span class='ocr_line' id='line_1_20' title="bbox 194 2251 1259 2329; baseline 0.004 -23"><span class='ocrx_word' id='word_1_157' title='bbox 194 2254 253 2324; x_wconf 76' lang='lat' dir='ltr'><strong>J&#39;icit</strong></span> <span class='ocrx_word' id='word_1_158' title='bbox 268 2255 346 2311; x_wconf 76' lang='lat' dir='ltr'><strong>Secti.</strong></span> <span class='ocrx_word' id='word_1_159' title='bbox 370 2282 381 2304; x_wconf 81' lang='grc' dir='ltr'>ι</span> <span class='ocrx_word' id='word_1_160' title='bbox 395 2257 451 2310; x_wconf 89' lang='lat' dir='ltr'><strong>Cur</strong></span> <span class='ocrx_word' id='word_1_161' title='bbox 466 2256 552 2320; x_wconf 88' lang='lat' dir='ltr'><strong>enim,</strong></span> <span class='ocrx_word' id='word_1_162' title='bbox 563 2255 668 2326; x_wconf 89' lang='lat' dir='ltr'><strong>inquit,</strong></span> <span class='ocrx_word' id='word_1_163' title='bbox 679 2267 736 2306; x_wconf 91' lang='lat' dir='ltr'><strong>tum</strong></span> <span class='ocrx_word' id='word_1_164' title='bbox 748 2259 847 2305; x_wconf 80' lang='lat' dir='ltr'><strong>soesuss’</strong></span> <span class='ocrx_word' id='word_1_165' title='bbox 861 2278 874 2300; x_wconf 72' lang='grc' dir='ltr'><strong>ι</strong></span> <span class='ocrx_word' id='word_1_166' title='bbox 888 2251 1031 2322; x_wconf 79' lang='lat' dir='ltr'><strong>respondet</strong></span> <span class='ocrx_word' id='word_1_167' title='bbox 1046 2254 1178 2308; x_wconf 85' lang='lat' dir='ltr'><strong>Botbeus:</strong></span> <span class='ocrx_word' id='word_1_168' title='bbox 1196 2259 1259 2329; x_wconf 79' lang='lat' dir='ltr'><strong>quin</strong></span> 
     </span>
     <span class='ocr_line' id='line_1_21' title="bbox 195 2336 596 2406; baseline 0.002 -21"><span class='ocrx_word' id='word_1_169' title='bbox 195 2338 254 2388; x_wconf 82' lang='lat' dir='ltr'><strong>soesi</strong></span> <span class='ocrx_word' id='word_1_170' title='bbox 265 2336 338 2388; x_wconf 87' lang='lat' dir='ltr'><strong>omui</strong></span> <span class='ocrx_word' id='word_1_171' title='bbox 351 2347 470 2406; x_wconf 85' lang='lat' dir='ltr'><strong>tempore</strong></span> <span class='ocrx_word' id='word_1_172' title='bbox 481 2336 596 2405; x_wconf 75' lang='lat' dir='ltr'><strong>tyranni.</strong></span> 
     </span>
    </p>
   </div>
   <div class='ocr_carea' id='block_1_9' title="bbox 237 2422 1255 2500">
    <p class='ocr_par' dir='ltr' id='par_1_9' title="bbox 237 2422 1255 2500">
     <span class='ocr_line' id='line_1_22' title="bbox 237 2422 1255 2500; baseline -0.002 -20"><span class='ocrx_word' id='word_1_173' title='bbox 237 2427 299 2496; x_wconf 81' lang='lat'><strong>309.</strong></span> <span class='ocrx_word' id='word_1_174' title='bbox 312 2429 375 2480; x_wconf 82' lang='lat' dir='ltr'><strong>Hoee</strong></span> <span class='ocrx_word' id='word_1_175' title='bbox 389 2447 481 2500; x_wconf 85' lang='lat' dir='ltr'><strong>quoque</strong></span> <span class='ocrx_word' id='word_1_176' title='bbox 492 2431 547 2479; x_wconf 81' lang='lat' dir='ltr'><strong>uati</strong></span> <span class='ocrx_word' id='word_1_177' title='bbox 559 2427 643 2478; x_wconf 81' lang='lat' dir='ltr'><strong>uidere</strong></span> <span class='ocrx_word' id='word_1_178' title='bbox 658 2426 727 2493; x_wconf 80' lang='lat' dir='ltr'><strong>nesus</strong></span> <span class='ocrx_word' id='word_1_179' title='bbox 736 2422 798 2476; x_wconf 81' lang='lat' dir='ltr'><strong>Soee.</strong></span> <span class='ocrx_word' id='word_1_180' title='bbox 809 2441 934 2492; x_wconf 78' lang='lat' dir='ltr'><strong>maguum,</strong></span> <span class='ocrx_word' id='word_1_181' title='bbox 946 2443 1017 2494; x_wconf 83' lang='lat' dir='ltr'><strong>quum</strong></span> <span class='ocrx_word' id='word_1_182' title='bbox 1029 2425 1192 2494; x_wconf 70' lang='lat' dir='ltr'><strong>Tyrrhenum,</strong></span> <span class='ocrx_word' id='word_1_183' title='bbox 1204 2443 1255 2483; x_wconf 81' lang='lat' dir='ltr'><strong>ete.</strong></span> 
     </span>
    </p>
   </div>
   <div class='ocr_carea' id='block_1_10' title="bbox 192 2503 1260 3118">
    <p class='ocr_par' dir='ltr' id='par_1_10' title="bbox 192 2503 1260 3118">
     <span class='ocr_line' id='line_1_23' title="bbox 195 2503 1260 2579; baseline 0.002 -19"><span class='ocrx_word' id='word_1_184' title='bbox 195 2507 249 2560; x_wconf 85' lang='lat' dir='ltr'><strong>Pro</strong></span> <span class='ocrx_word' id='word_1_185' title='bbox 259 2509 316 2558; x_wconf 83' lang='lat' dir='ltr'><strong>Hoc</strong></span> <span class='ocrx_word' id='word_1_186' title='bbox 329 2526 421 2579; x_wconf 77' lang='lat' dir='ltr'><strong>quoque</strong></span> <span class='ocrx_word' id='word_1_187' title='bbox 436 2518 533 2566; x_wconf 81' lang='lat' dir='ltr'><strong>nostru,</strong></span> <span class='ocrx_word' id='word_1_188' title='bbox 551 2503 625 2577; x_wconf 89' lang='lat' dir='ltr'><strong>quod</strong></span> <span class='ocrx_word' id='word_1_189' title='bbox 638 2505 719 2576; x_wconf 71' lang='lat' dir='ltr'><strong>vulgo</strong></span> <span class='ocrx_word' id='word_1_190' title='bbox 735 2503 845 2574; x_wconf 73' lang='lat' dir='ltr'><strong>legitur,</strong></span> <span class='ocrx_word' id='word_1_191' title='bbox 858 2503 1008 2572; x_wconf 82' lang='lat' dir='ltr'><strong>recepimus</strong></span> <span class='ocrx_word' id='word_1_192' title='bbox 1019 2504 1083 2555; x_wconf 78' lang='lat' dir='ltr'><strong>Hae</strong></span> <span class='ocrx_word' id='word_1_193' title='bbox 1099 2525 1191 2579; x_wconf 83' lang='lat' dir='ltr'><strong>quoque</strong></span> <span class='ocrx_word' id='word_1_194' title='bbox 1205 2514 1260 2563; x_wconf 84' lang='lat' dir='ltr'><strong>uati</strong></span> 
     </span>
     <span class='ocr_line' id='line_1_24' title="bbox 194 2581 1258 2655; baseline 0.001 -15"><span class='ocrx_word' id='word_1_195' title='bbox 194 2605 227 2640; x_wconf 88' lang='lat' dir='ltr'><strong>ex</strong></span> <span class='ocrx_word' id='word_1_196' title='bbox 242 2585 379 2638; x_wconf 87' lang='lat' dir='ltr'><strong>codicibus</strong></span> <span class='ocrx_word' id='word_1_197' title='bbox 391 2585 516 2650; x_wconf 79' lang='lat' dir='ltr'><strong>vetustis,</strong></span> <span class='ocrx_word' id='word_1_198' title='bbox 528 2597 555 2638; x_wconf 85' lang='lat' dir='ltr'><strong>et</strong></span> <span class='ocrx_word' id='word_1_199' title='bbox 568 2596 630 2655; x_wconf 91' lang='lat' dir='ltr'><strong>post</strong></span> <span class='ocrx_word' id='word_1_200' title='bbox 640 2603 752 2653; x_wconf 72' lang='lat' dir='ltr'><strong>magnum</strong></span> <span class='ocrx_word' id='word_1_201' title='bbox 769 2583 849 2635; x_wconf 82' lang='lat' dir='ltr'><strong>colon</strong></span> <span class='ocrx_word' id='word_1_202' title='bbox 864 2581 1017 2651; x_wconf 83' lang='lat' dir='ltr'><strong>posuimus,</strong></span> <span class='ocrx_word' id='word_1_203' title='bbox 1031 2584 1110 2653; x_wconf 81' lang='lat' dir='ltr'><strong>quis,</strong></span> <span class='ocrx_word' id='word_1_204' title='bbox 1125 2586 1146 2638; x_wconf 91' lang='lat' dir='ltr'><strong>si</strong></span> <span class='ocrx_word' id='word_1_205' title='bbox 1158 2587 1258 2641; x_wconf 82' lang='lat' dir='ltr'><strong>voluis-</strong></span> 
     </span>
     <span class='ocr_line' id='line_1_25' title="bbox 193 2659 1256 2738; baseline 0.004 -20"><span class='ocrx_word' id='word_1_206' title='bbox 193 2678 234 2718; x_wconf 88' lang='lat' dir='ltr'><strong>set</strong></span> <span class='ocrx_word' id='word_1_207' title='bbox 255 2682 366 2735; x_wconf 72' lang='lat' dir='ltr'><strong>maguum</strong></span> <span class='ocrx_word' id='word_1_208' title='bbox 387 2666 535 2738; x_wconf 80' lang='lat' dir='ltr'><strong>Tyrrhenum</strong></span> <span class='ocrx_word' id='word_1_209' title='bbox 550 2664 656 2727; x_wconf 85' lang='lat' dir='ltr'><strong>dicere,</strong></span> <span class='ocrx_word' id='word_1_210' title='bbox 680 2682 735 2716; x_wconf 91' lang='lat' dir='ltr'><strong>nou</strong></span> <span class='ocrx_word' id='word_1_211' title='bbox 754 2659 900 2715; x_wconf 75' lang='lat' dir='ltr'><strong>addidisset</strong></span> <span class='ocrx_word' id='word_1_212' title='bbox 917 2674 1009 2732; x_wconf 83' lang='lat' dir='ltr'><strong>postes</strong></span> <span class='ocrx_word' id='word_1_213' title='bbox 1025 2683 1115 2736; x_wconf 79' lang='lat' dir='ltr'><strong>sequor,</strong></span> <span class='ocrx_word' id='word_1_214' title='bbox 1138 2679 1168 2718; x_wconf 91' lang='lat' dir='ltr'><strong>ut</strong></span> <span class='ocrx_word' id='word_1_215' title='bbox 1187 2668 1256 2723; x_wconf 89' lang='lat' dir='ltr'><strong>bene</strong></span> 
     </span>
     <span class='ocr_line' id='line_1_26' title="bbox 193 2741 1256 2818; baseline 0.002 -20"><span class='ocrx_word' id='word_1_216' title='bbox 193 2744 301 2798; x_wconf 89' lang='lat' dir='ltr'><strong>monuit</strong></span> <span class='ocrx_word' id='word_1_217' title='bbox 318 2745 479 2798; x_wconf 85' lang='lat' dir='ltr'><strong>Gronovius.</strong></span> <span class='ocrx_word' id='word_1_218' title='bbox 500 2745 651 2798; x_wconf 83' lang='lat' dir='ltr'><strong>Festiuubut</strong></span> <span class='ocrx_word' id='word_1_219' title='bbox 669 2755 757 2796; x_wconf 84' lang='lat' dir='ltr'><strong>eutem</strong></span> <span class='ocrx_word' id='word_1_220' title='bbox 774 2741 899 2806; x_wconf 87' lang='lat' dir='ltr'><strong>Grotius,</strong></span> <span class='ocrx_word' id='word_1_221' title='bbox 924 2759 1008 2812; x_wconf 84' lang='lat' dir='ltr'><strong>quum</strong></span> <span class='ocrx_word' id='word_1_222' title='bbox 1028 2742 1156 2799; x_wconf 88' lang='lat' dir='ltr'><strong>scriberet</strong></span> <span class='ocrx_word' id='word_1_223' title='bbox 1170 2750 1256 2818; x_wconf 82' lang='lat' dir='ltr'><strong>majus.</strong></span> 
     </span>
     <span class='ocr_line' id='line_1_27' title="bbox 193 2820 1258 2894; baseline 0.001 -16"><span class='ocrx_word' id='word_1_224' title='bbox 193 2824 270 2878; x_wconf 86' lang='lat' dir='ltr'><strong>Nihil</strong></span> <span class='ocrx_word' id='word_1_225' title='bbox 284 2825 356 2877; x_wconf 89' lang='lat' dir='ltr'><strong>euim</strong></span> <span class='ocrx_word' id='word_1_226' title='bbox 369 2825 465 2884; x_wconf 68' lang='lat' dir='ltr'><strong>Tullio</strong></span> <span class='ocrx_word' id='word_1_227' title='bbox 483 2824 581 2878; x_wconf 85' lang='lat' dir='ltr'><strong>scelere</strong></span> <span class='ocrx_word' id='word_1_228' title='bbox 598 2823 703 2894; x_wconf 73' lang='lat' dir='ltr'><strong>gravius</strong></span> <span class='ocrx_word' id='word_1_229' title='bbox 722 2841 777 2875; x_wconf 85' lang='lat' dir='ltr'><strong>esse</strong></span> <span class='ocrx_word' id='word_1_230' title='bbox 798 2833 892 2892; x_wconf 84' lang='lat' dir='ltr'><strong>potest.</strong></span> <span class='ocrx_word' id='word_1_231' title='bbox 914 2820 1006 2874; x_wconf 80' lang='lat' dir='ltr'><strong>Livius</strong></span> <span class='ocrx_word' id='word_1_232' title='bbox 1025 2821 1125 2876; x_wconf 76' lang='lat' dir='ltr'><strong>Fadum</strong></span> <span class='ocrx_word' id='word_1_233' title='bbox 1145 2827 1258 2879; x_wconf 73' lang='lat' dir='ltr'><strong>inhuma-</strong></span> 
     </span>
     <span class='ocr_line' id='line_1_28' title="bbox 193 2901 1254 2976; baseline 0.004 -20"><span class='ocrx_word' id='word_1_234' title='bbox 193 2917 395 2976; x_wconf 79' lang='lat' dir='ltr'><strong>numquevocet,</strong></span> <span class='ocrx_word' id='word_1_235' title='bbox 409 2906 440 2969; x_wconf 89' lang='lat'><strong>1,</strong></span> <span class='ocrx_word' id='word_1_236' title='bbox 464 2905 522 2968; x_wconf 70' lang='lat'><strong>483</strong></span> <span class='ocrx_word' id='word_1_237' title='bbox 548 2908 646 2974; x_wconf 80' lang='lat' dir='ltr'><strong>ipsaque</strong></span> <span class='ocrx_word' id='word_1_238' title='bbox 667 2905 766 2955; x_wconf 80' lang='lat' dir='ltr'><strong>monstri</strong></span> <span class='ocrx_word' id='word_1_239' title='bbox 787 2901 864 2952; x_wconf 82' lang='lat' dir='ltr'><strong>simile</strong></span> <span class='ocrx_word' id='word_1_240' title='bbox 883 2901 1013 2971; x_wconf 67' lang='lat' dir='ltr'><strong>exemplum</strong></span> <span class='ocrx_word' id='word_1_241' title='bbox 1034 2901 1133 2956; x_wconf 91' lang='lat' dir='ltr'><strong>dicitur</strong></span> <span class='ocrx_word' id='word_1_242' title='bbox 1154 2924 1169 2957; x_wconf 83' lang='lat' dir='ltr'><strong>e</strong></span> <span class='ocrx_word' id='word_1_243' title='bbox 1193 2907 1254 2961; x_wconf 77' lang='lat' dir='ltr'><strong>val.</strong></span> 
     </span>
     <span class='ocr_line' id='line_1_29' title="bbox 193 2979 1256 3057; baseline 0.002 -21"><span class='ocrx_word' id='word_1_244' title='bbox 193 2983 302 3036; x_wconf 71' lang='lat' dir='ltr'><strong>Maxim.</strong></span> <span class='ocrx_word' id='word_1_245' title='bbox 319 2984 375 3050; x_wconf 80' lang='lat' dir='ltr'><strong>lx,</strong></span> <span class='ocrx_word' id='word_1_246' title='bbox 397 3002 443 3050; x_wconf 90' lang='lat'><strong>11,</strong></span> <span class='ocrx_word' id='word_1_247' title='bbox 467 3001 491 3037; x_wconf 86' lang='lat'><strong>1.</strong></span> <span class='ocrx_word' id='word_1_248' title='bbox 511 2985 563 3036; x_wconf 91' lang='lat' dir='ltr'><strong>Pro</strong></span> <span class='ocrx_word' id='word_1_249' title='bbox 582 3003 673 3056; x_wconf 80' lang='lat' dir='ltr'><strong>quoque</strong></span> <span class='ocrx_word' id='word_1_250' title='bbox 694 2981 786 3035; x_wconf 83' lang='lat' dir='ltr'><strong>mullet</strong></span> <span class='ocrx_word' id='word_1_251' title='bbox 806 2979 929 3034; x_wconf 83' lang='lat' dir='ltr'><strong>Heinsius</strong></span> <span class='ocrx_word' id='word_1_252' title='bbox 951 2999 1026 3054; x_wconf 79' lang='lat' dir='ltr'><strong>nque.</strong></span> <span class='ocrx_word' id='word_1_253' title='bbox 1050 2981 1103 3036; x_wconf 87' lang='lat' dir='ltr'><strong>Sed</strong></span> <span class='ocrx_word' id='word_1_254' title='bbox 1123 3000 1256 3057; x_wconf 71' lang='lat' dir='ltr'><strong>repugnet</strong></span> 
     </span>
     <span class='ocr_line' id='line_1_30' title="bbox 192 3060 328 3118; baseline 0.007 -3"><span class='ocrx_word' id='word_1_255' title='bbox 192 3060 222 3116; x_wconf 91' lang='lat' dir='ltr'><strong>id</strong></span> <span class='ocrx_word' id='word_1_256' title='bbox 235 3076 328 3118; x_wconf 87' lang='lat' dir='ltr'><strong>metro.</strong></span> 
     </span>
    </p>
   </div>
   <div class='ocr_carea' id='block_1_11' title="bbox 191 3151 1256 3622">
    <p class='ocr_par' dir='ltr' id='par_1_11' title="bbox 191 3151 1256 3622">
     <span class='ocr_line' id='line_1_31' title="bbox 235 3151 1256 3225; baseline 0.002 -16"><span class='ocrx_word' id='word_1_257' title='bbox 235 3156 302 3209; x_wconf 81' lang='lat'>313.</span> <span class='ocrx_word' id='word_1_258' title='bbox 321 3157 456 3225; x_wconf 81' lang='lat' dir='ltr'><strong>Properuut</strong></span> <span class='ocrx_word' id='word_1_259' title='bbox 471 3154 583 3225; x_wconf 82' lang='lat' dir='ltr'><strong>placidos</strong></span> <span class='ocrx_word' id='word_1_260' title='bbox 606 3156 710 3224; x_wconf 78' lang='lat' dir='ltr'><strong>linquere</strong></span> <span class='ocrx_word' id='word_1_261' title='bbox 724 3165 820 3224; x_wconf 82' lang='lat' dir='ltr'><strong>portus.</strong></span> <span class='ocrx_word' id='word_1_262' title='bbox 841 3153 918 3205; x_wconf 91' lang='lat' dir='ltr'><strong>Unus</strong></span> <span class='ocrx_word' id='word_1_263' title='bbox 942 3151 1013 3206; x_wconf 87' lang='lat' dir='ltr'><strong>liber</strong></span> <span class='ocrx_word' id='word_1_264' title='bbox 1029 3153 1151 3223; x_wconf 81' lang='lat' dir='ltr'><strong>placitos,</strong></span> <span class='ocrx_word' id='word_1_265' title='bbox 1176 3169 1203 3209; x_wconf 91' lang='lat' dir='ltr'><strong>et</strong></span> <span class='ocrx_word' id='word_1_266' title='bbox 1217 3157 1256 3212; x_wconf 80' lang='lat' dir='ltr'><strong>ite</strong></span> 
     </span>
     <span class='ocr_line' id='line_1_32' title="bbox 193 3231 1255 3307; baseline 0.002 -18"><span class='ocrx_word' id='word_1_267' title='bbox 193 3235 316 3289; x_wconf 83' lang='lat' dir='ltr'><strong>Heinsius</strong></span> <span class='ocrx_word' id='word_1_268' title='bbox 328 3236 484 3307; x_wconf 74' lang='lat' dir='ltr'><strong>conjecerat.</strong></span> <span class='ocrx_word' id='word_1_269' title='bbox 497 3233 549 3288; x_wconf 86' lang='lat' dir='ltr'><strong>Sed</strong></span> <span class='ocrx_word' id='word_1_270' title='bbox 561 3234 700 3287; x_wconf 84' lang='lat' dir='ltr'><strong>confirmat</strong></span> <span class='ocrx_word' id='word_1_271' title='bbox 710 3233 843 3303; x_wconf 83' lang='lat' dir='ltr'><strong>vulgatum</strong></span> <span class='ocrx_word' id='word_1_272' title='bbox 856 3231 977 3296; x_wconf 72' lang='lat' dir='ltr'><strong>Tacitus,</strong></span> <span class='ocrx_word' id='word_1_273' title='bbox 992 3232 1114 3286; x_wconf 84' lang='lat' dir='ltr'><strong>eumdem</strong></span> <span class='ocrx_word' id='word_1_274' title='bbox 1126 3252 1183 3288; x_wconf 88' lang='lat' dir='ltr'><strong>rem</strong></span> <span class='ocrx_word' id='word_1_275' title='bbox 1194 3255 1255 3290; x_wconf 85' lang='lat' dir='ltr'><strong>uer·</strong></span> 
     </span>
     <span class='ocr_line' id='line_1_33' title="bbox 192 3311 1255 3383; baseline 0.001 -17"><span class='ocrx_word' id='word_1_276' title='bbox 192 3332 269 3378; x_wconf 84' lang='lat' dir='ltr'><strong>rens,</strong></span> <span class='ocrx_word' id='word_1_277' title='bbox 291 3315 385 3367; x_wconf 82' lang='lat' dir='ltr'><strong>Annul.</strong></span> <span class='ocrx_word' id='word_1_278' title='bbox 400 3315 476 3378; x_wconf 83' lang='lat' dir='ltr'><strong>XIV,</strong></span> <span class='ocrx_word' id='word_1_279' title='bbox 498 3314 533 3368; x_wconf 79' lang='lat'><strong>⁵:</strong></span> <span class='ocrx_word' id='word_1_280' title='bbox 550 3337 562 3360; x_wconf 79' lang='grc' dir='ltr'>ι</span> <span class='ocrx_word' id='word_1_281' title='bbox 574 3314 686 3368; x_wconf 87' lang='lat' dir='ltr'><strong>Noctem</strong></span> <span class='ocrx_word' id='word_1_282' title='bbox 704 3311 837 3365; x_wconf 88' lang='lat' dir='ltr'><strong>sideribus</strong></span> <span class='ocrx_word' id='word_1_283' title='bbox 854 3311 999 3376; x_wconf 85' lang='lat' dir='ltr'><strong>illustrem,</strong></span> <span class='ocrx_word' id='word_1_284' title='bbox 1020 3323 1046 3364; x_wconf 90' lang='lat' dir='ltr'><strong>et</strong></span> <span class='ocrx_word' id='word_1_285' title='bbox 1064 3313 1171 3383; x_wconf 70' lang='lat' dir='ltr'><strong>placido</strong></span> <span class='ocrx_word' id='word_1_286' title='bbox 1187 3316 1255 3370; x_wconf 81' lang='lat' dir='ltr'><strong>meri</strong></span> 
     </span>
     <span class='ocr_line' id='line_1_34' title="bbox 193 3388 1256 3464; baseline 0.004 -18"><span class='ocrx_word' id='word_1_287' title='bbox 193 3395 322 3464; x_wconf 82' lang='lat' dir='ltr'><strong>quietem,</strong></span> <span class='ocrx_word' id='word_1_288' title='bbox 349 3394 423 3464; x_wconf 82' lang='lat' dir='ltr'><strong>quusi</strong></span> <span class='ocrx_word' id='word_1_289' title='bbox 448 3392 663 3447; x_wconf 82' lang='lat' dir='ltr'><strong>convincendum</strong></span> <span class='ocrx_word' id='word_1_290' title='bbox 688 3389 721 3444; x_wconf 77' lang='lat' dir='ltr'><strong>nd</strong></span> <span class='ocrx_word' id='word_1_291' title='bbox 743 3391 843 3454; x_wconf 80' lang='lat' dir='ltr'><strong>scelus,</strong></span> <span class='ocrx_word' id='word_1_292' title='bbox 864 3388 902 3442; x_wconf 93' lang='lat' dir='ltr'><strong>dii</strong></span> <span class='ocrx_word' id='word_1_293' title='bbox 923 3391 1071 3462; x_wconf 74' lang='lat' dir='ltr'><strong>praebuere.</strong></span> <span class='ocrx_word' id='word_1_294' title='bbox 1085 3417 1097 3439; x_wconf 76' lang='grc' dir='ltr'><strong><em>ι</em></strong></span> <span class='ocrx_word' id='word_1_295' title='bbox 1120 3394 1256 3460; x_wconf 79' lang='lat' dir='ltr'><strong>Lucienus</strong></span> 
     </span>
     <span class='ocr_line' id='line_1_35' title="bbox 191 3469 1254 3544; baseline 0.005 -19"><span class='ocrx_word' id='word_1_296' title='bbox 191 3473 273 3526; x_wconf 86' lang='lat' dir='ltr'><strong>etiarn</strong></span> <span class='ocrx_word' id='word_1_297' title='bbox 289 3470 323 3525; x_wconf 92' lang='lat' dir='ltr'><strong>de</strong></span> <span class='ocrx_word' id='word_1_298' title='bbox 336 3472 419 3524; x_wconf 77' lang='lat' dir='ltr'><strong>licre.</strong></span> <span class='ocrx_word' id='word_1_299' title='bbox 436 3470 523 3526; x_wconf 87' lang='lat' dir='ltr'><strong>Cond.</strong></span> <span class='ocrx_word' id='word_1_300' title='bbox 539 3493 563 3525; x_wconf 89' lang='lat' dir='ltr'><strong>c.</strong></span> <span class='ocrx_word' id='word_1_301' title='bbox 577 3491 609 3536; x_wconf 81' lang='lat' dir='ltr'><strong>s,</strong></span> <span class='ocrx_word' id='word_1_302' title='bbox 620 3473 779 3542; x_wconf 73' lang='lat' dir='ltr'><strong>naufragos,</strong></span> <span class='ocrx_word' id='word_1_303' title='bbox 797 3471 847 3534; x_wconf 81' lang='lat' dir='ltr'><strong>sit,</strong></span> <span class='ocrx_word' id='word_1_304' title='bbox 859 3469 888 3522; x_wconf 91' lang='lat' dir='ltr'><strong>in</strong></span> <span class='ocrx_word' id='word_1_305' title='bbox 903 3470 1009 3542; x_wconf 89' lang='lat' dir='ltr'><strong>templis</strong></span> <span class='ocrx_word' id='word_1_306' title='bbox 1024 3487 1134 3543; x_wconf 82' lang='lat' dir='ltr'><strong>crepare</strong></span> <span class='ocrx_word' id='word_1_307' title='bbox 1147 3473 1254 3544; x_wconf 86' lang='lat' dir='ltr'><strong>solitos,</strong></span> 
     </span>
     <span class='ocr_line' id='line_1_36' title="bbox 191 3551 1079 3622; baseline -0.002 -16"><span class='ocrx_word' id='word_1_308' title='bbox 191 3555 224 3614; x_wconf 68' lang='lat' dir='ltr'><strong>isc</strong></span> <span class='ocrx_word' id='word_1_309' title='bbox 240 3554 376 3622; x_wconf 77' lang='grc' dir='ltr'><strong>τὸπρῶτον</strong></span> <span class='ocrx_word' id='word_1_310' title='bbox 391 3552 548 3604; x_wconf 69' lang='grc' dir='ltr'>ιῖοίπλουοον</span> <span class='ocrx_word' id='word_1_311' title='bbox 563 3555 668 3620; x_wconf 77' lang='grc' dir='ltr'><strong>γαληνοῦ</strong></span> <span class='ocrx_word' id='word_1_312' title='bbox 683 3552 875 3621; x_wconf 61' lang='grc' dir='ltr'>ὑποφαινομένου</span> <span class='ocrx_word' id='word_1_313' title='bbox 889 3556 932 3603; x_wconf 83' lang='grc' dir='ltr'><strong>τοῦ</strong></span> <span class='ocrx_word' id='word_1_314' title='bbox 948 3551 1079 3621; x_wconf 75' lang='grc' dir='ltr'><strong>πιλᾶγους.</strong></span> 
     </span>
    </p>
   </div>
   <div class='ocr_carea' id='block_1_12' title="bbox 234 3641 935 3710">
    <p class='ocr_par' dir='ltr' id='par_1_12' title="bbox 234 3641 935 3710">
     <span class='ocr_line' id='line_1_37' title="bbox 234 3641 935 3710; baseline -0.004 -11"><span class='ocrx_word' id='word_1_315' title='bbox 234 3647 302 3699; x_wconf 79' lang='lat'>³16.</span> <span class='ocrx_word' id='word_1_316' title='bbox 315 3645 433 3696; x_wconf 75' lang='lat' dir='ltr'><strong>Provecta</strong></span> <span class='ocrx_word' id='word_1_317' title='bbox 445 3647 514 3696; x_wconf 83' lang='lat' dir='ltr'><strong>ratis.</strong></span> <span class='ocrx_word' id='word_1_318' title='bbox 528 3641 605 3696; x_wconf 81' lang='lat' dir='ltr'>MSS.</span> <span class='ocrx_word' id='word_1_319' title='bbox 623 3661 727 3709; x_wconf 87' lang='lat' dir='ltr'><strong>omnes,</strong></span> <span class='ocrx_word' id='word_1_320' title='bbox 743 3643 854 3710; x_wconf 84' lang='lat' dir='ltr'><strong>prosecta</strong></span> <span class='ocrx_word' id='word_1_321' title='bbox 866 3646 935 3696; x_wconf 85' lang='lat' dir='ltr'><strong>rutis.</strong></span> 
     </span>
    </p>
   </div>
   <div class='ocr_carea' id='block_1_13' title="bbox 191 3733 1255 3966">
    <p class='ocr_par' dir='ltr' id='par_1_13' title="bbox 191 3733 1255 3966">
     <span class='ocr_line' id='line_1_38' title="bbox 233 3733 1255 3810; baseline -0.007 -18"><span class='ocrx_word' id='word_1_322' title='bbox 233 3737 299 3792; x_wconf 72' lang='lat'><strong>325.</strong></span> <span class='ocrx_word' id='word_1_323' title='bbox 309 3738 413 3789; x_wconf 77' lang='lat' dir='ltr'><strong>Herem</strong></span> <span class='ocrx_word' id='word_1_324' title='bbox 424 3735 491 3788; x_wconf 83' lang='lat' dir='ltr'><strong>nudi.</strong></span> <span class='ocrx_word' id='word_1_325' title='bbox 508 3733 661 3806; x_wconf 88' lang='lat' dir='ltr'><strong>Speciosior</strong></span> <span class='ocrx_word' id='word_1_326' title='bbox 674 3752 752 3805; x_wconf 83' lang='lat' dir='ltr'><strong>quem</strong></span> <span class='ocrx_word' id='word_1_327' title='bbox 765 3734 855 3786; x_wconf 81' lang='lat' dir='ltr'><strong>serior</strong></span> <span class='ocrx_word' id='word_1_328' title='bbox 866 3733 969 3787; x_wconf 88' lang='lat' dir='ltr'><strong>Heinsii</strong></span> <span class='ocrx_word' id='word_1_329' title='bbox 982 3736 1255 3810; x_wconf 68' lang='lat' dir='ltr'><strong>conjecturs,legen.</strong></span> 
     </span>
     <span class='ocr_line' id='line_1_39' title="bbox 192 3812 1254 3886; baseline 0.003 -16"><span class='ocrx_word' id='word_1_330' title='bbox 192 3816 242 3870; x_wconf 89' lang='lat' dir='ltr'><strong>tis:</strong></span> <span class='ocrx_word' id='word_1_331' title='bbox 264 3843 274 3864; x_wconf 83' lang='grc' dir='ltr'>ι</span> <span class='ocrx_word' id='word_1_332' title='bbox 288 3817 340 3869; x_wconf 82' lang='lat' dir='ltr'><strong>Alii</strong></span> <span class='ocrx_word' id='word_1_333' title='bbox 354 3816 446 3869; x_wconf 78' lang='lat' dir='ltr'><strong>luceru</strong></span> <span class='ocrx_word' id='word_1_334' title='bbox 462 3815 561 3886; x_wconf 90' lang='lat' dir='ltr'><strong>puppis</strong></span> <span class='ocrx_word' id='word_1_335' title='bbox 577 3814 673 3867; x_wconf 80' lang='lat' dir='ltr'><strong>tubulis</strong></span> <span class='ocrx_word' id='word_1_336' title='bbox 685 3815 793 3867; x_wconf 76' lang='lat' dir='ltr'><strong>flerent</strong></span> <span class='ocrx_word' id='word_1_337' title='bbox 808 3812 863 3866; x_wconf 90' lang='lat' dir='ltr'><strong>udi.</strong></span> <span class='ocrx_word' id='word_1_338' title='bbox 876 3838 888 3860; x_wconf 76' lang='grc' dir='ltr'><strong><em>ι</em></strong></span> <span class='ocrx_word' id='word_1_339' title='bbox 907 3813 976 3867; x_wconf 85' lang='lat' dir='ltr'><strong>Huic</strong></span> <span class='ocrx_word' id='word_1_340' title='bbox 991 3815 1063 3868; x_wconf 89' lang='lat' dir='ltr'><strong>enim</strong></span> <span class='ocrx_word' id='word_1_341' title='bbox 1076 3818 1254 3886; x_wconf 78' lang='lat' dir='ltr'><strong>superhtioni</strong></span> 
     </span>
     <span class='ocr_line' id='line_1_40' title="bbox 191 3891 1214 3966; baseline 0.002 -16"><span class='ocrx_word' id='word_1_342' title='bbox 191 3915 246 3950; x_wconf 88' lang='lat' dir='ltr'><strong>non</strong></span> <span class='ocrx_word' id='word_1_343' title='bbox 260 3895 395 3950; x_wconf 87' lang='lat' dir='ltr'><strong>dissimilis</strong></span> <span class='ocrx_word' id='word_1_344' title='bbox 406 3907 445 3948; x_wconf 87' lang='lat' dir='ltr'><strong>est</strong></span> <span class='ocrx_word' id='word_1_345' title='bbox 457 3894 531 3966; x_wconf 77' lang='lat' dir='ltr'><strong>apud</strong></span> <span class='ocrx_word' id='word_1_346' title='bbox 542 3895 692 3948; x_wconf 73' lang='lat' dir='ltr'><strong>Lucienum</strong></span> <span class='ocrx_word' id='word_1_347' title='bbox 706 3894 780 3947; x_wconf 90' lang='lat' dir='ltr'><strong>locus</strong></span> <span class='ocrx_word' id='word_1_348' title='bbox 793 3891 827 3945; x_wconf 87' lang='lat' dir='ltr'><strong>de</strong></span> <span class='ocrx_word' id='word_1_349' title='bbox 842 3893 926 3948; x_wconf 84' lang='lat' dir='ltr'><strong>Mero.</strong></span> <span class='ocrx_word' id='word_1_350' title='bbox 939 3892 1026 3948; x_wconf 87' lang='lat' dir='ltr'><strong>Coud.</strong></span> <span class='ocrx_word' id='word_1_351' title='bbox 1036 3895 1084 3946; x_wconf 82' lang='lat' dir='ltr'><strong>ulsi</strong></span> <span class='ocrx_word' id='word_1_352' title='bbox 1093 3895 1147 3950; x_wconf 84' lang='lat' dir='ltr'><strong>vid.</strong></span> <span class='ocrx_word' id='word_1_353' title='bbox 1159 3911 1214 3952; x_wconf 89' lang='lat' dir='ltr'><strong>not.</strong></span> 
     </span>
    </p>
   </div>
   <div class='ocr_carea' id='block_1_14' title="bbox 234 3985 1251 4059">
    <p class='ocr_par' dir='ltr' id='par_1_14' title="bbox 234 3985 1251 4059">
     <span class='ocr_line' id='line_1_41' title="bbox 234 3985 1251 4059; baseline 0.001 -16"><span class='ocrx_word' id='word_1_354' title='bbox 234 3989 300 4058; x_wconf 72' lang='grc'><strong><em>347.</em></strong></span> <span class='ocrx_word' id='word_1_355' title='bbox 311 3991 372 4041; x_wconf 77' lang='lat' dir='ltr'><strong>ltus</strong></span> <span class='ocrx_word' id='word_1_356' title='bbox 383 3991 409 4040; x_wconf 85' lang='lat' dir='ltr'><strong>iu</strong></span> <span class='ocrx_word' id='word_1_357' title='bbox 420 3987 532 4059; x_wconf 69' lang='lat' dir='ltr'><strong>pelagus.</strong></span> <span class='ocrx_word' id='word_1_358' title='bbox 546 3987 603 4040; x_wconf 79' lang='lat' dir='ltr'><strong>MS.</strong></span> <span class='ocrx_word' id='word_1_359' title='bbox 617 3989 706 4050; x_wconf 77' lang='lat'><strong>8022,</strong></span> <span class='ocrx_word' id='word_1_360' title='bbox 724 3989 774 4039; x_wconf 85' lang='lat' dir='ltr'><strong>ruit</strong></span> <span class='ocrx_word' id='word_1_361' title='bbox 783 3985 895 4057; x_wconf 61' lang='lat' dir='ltr'><strong>pelagus.</strong></span> <span class='ocrx_word' id='word_1_362' title='bbox 908 4019 946 4030; x_wconf 88' lang='lat'>-</span> <span class='ocrx_word' id='word_1_363' title='bbox 955 3988 1103 4058; x_wconf 75' lang='lat' dir='ltr'><strong>Rursumque</strong></span> <span class='ocrx_word' id='word_1_364' title='bbox 1114 3989 1173 4042; x_wconf 76' lang='lat' dir='ltr'><strong>sato.</strong></span> <span class='ocrx_word' id='word_1_365' title='bbox 1194 3990 1251 4045; x_wconf 78' lang='lat' dir='ltr'><strong>MS.</strong></span> 
     </span>
    </p>
   </div>
   <div class='ocr_carea' id='block_1_15' title="bbox 194 4069 1255 4231">
    <p class='ocr_par' dir='ltr' id='par_1_15' title="bbox 194 4069 1255 4231">
     <span class='ocr_line' id='line_1_42' title="bbox 194 4069 486 4139; baseline -0.014 -15"><span class='ocrx_word' id='word_1_366' title='bbox 194 4069 278 4132; x_wconf 73' lang='lat'><strong>8031,</strong></span> <span class='ocrx_word' id='word_1_367' title='bbox 289 4087 415 4139; x_wconf 82' lang='lat' dir='ltr'><strong>rursusque</strong></span> <span class='ocrx_word' id='word_1_368' title='bbox 425 4069 486 4120; x_wconf 81' lang='lat' dir='ltr'><strong>selo.</strong></span> 
     </span>
     <span class='ocr_line' id='line_1_43' title="bbox 233 4159 1255 4231; baseline 0.002 -19"><span class='ocrx_word' id='word_1_369' title='bbox 233 4159 296 4214; x_wconf 78' lang='lat'>350.</span> <span class='ocrx_word' id='word_1_370' title='bbox 310 4160 405 4212; x_wconf 81' lang='lat' dir='ltr'><strong>Mansit</strong></span> <span class='ocrx_word' id='word_1_371' title='bbox 419 4163 500 4212; x_wconf 78' lang='lat' dir='ltr'><strong>tacitis</strong></span> <span class='ocrx_word' id='word_1_372' title='bbox 514 4161 544 4212; x_wconf 85' lang='lat' dir='ltr'><strong>ln</strong></span> <span class='ocrx_word' id='word_1_373' title='bbox 555 4159 698 4231; x_wconf 62' lang='lat' dir='ltr'><strong>psentibus.</strong></span> <span class='ocrx_word' id='word_1_374' title='bbox 715 4159 824 4214; x_wconf 85' lang='lat' dir='ltr'><strong>Grotius</strong></span> <span class='ocrx_word' id='word_1_375' title='bbox 839 4160 986 4230; x_wconf 71' lang='lat' dir='ltr'><strong>corrigebst</strong></span> <span class='ocrx_word' id='word_1_376' title='bbox 996 4160 1099 4226; x_wconf 84' lang='lat' dir='ltr'><strong>famulis</strong></span> <span class='ocrx_word' id='word_1_377' title='bbox 1114 4161 1139 4211; x_wconf 80' lang='lat' dir='ltr'><strong>in</strong></span> <span class='ocrx_word' id='word_1_378' title='bbox 1148 4165 1255 4230; x_wconf 78' lang='lat' dir='ltr'><strong>pectori·</strong></span> 
     </span>
    </p>
   </div>
   <div class='ocr_carea' id='block_1_16' title="bbox 0 0 1604 5132">
    <p class='ocr_par' dir='ltr' id='par_1_16' title="bbox 0 0 1604 5132">
     <span class='ocr_line' id='line_1_44' title="bbox 0 0 1604 5132; baseline 0 2"><span class='ocrx_word' id='word_1_379' title='bbox 0 0 1604 5132; x_wconf 95' lang='lat' dir='ltr'><strong> </strong></span> 
     </span>
    </p>
   </div>
  </div>
 </body>
</html>
