3220 5128
236 577 1284 616 mfflmfflmfflfflfflfflfflmssm

507 719 1010 866 excussos

585 969 652 1038 DE
679 971 907 1043 OCTAVIA.

449 1139 1056 1178 ΜΗ

218 1273 360 1428 Quum
376 1326 615 1398 meditaremur
632 1353 785 1425 quartam
799 1330 1010 1426 potissimum
1024 1332 1066 1402 ad
1084 1332 1208 1404 calcem
1224 1334 1278 1405 ul·

216 1436 305 1506 timae
330 1438 430 1533 hujus
459 1439 626 1534 tragoediae
651 1439 907 1534 subjiceremus,
927 1456 966 1512 ut
993 1442 1222 1514 iudicarentur
1245 1459 1279 1515 et

213 1547 341 1642 judicia
362 1564 397 1618 et
414 1550 512 1619 variae
530 1549 749 1637 imitationes,
767 1551 803 1619 in
823 1567 968 1621 mentem
984 1555 1075 1622 venit
1098 1569 1176 1623 ante
1197 1552 1280 1624 alias

216 1659 361 1753 exegesis
376 1661 511 1748 critica,
530 1684 629 1755 quam
648 1662 791 1732 versioni
809 1661 936 1758 gallicae
952 1662 1100 1756 ejusdem
1120 1662 1280 1733 dramatis

216 1765 376 1839 annexuit
389 1771 451 1842 Vir
467 1769 630 1841 illustriss.
651 1770 969 1868 AmaurJ-Duval
983 1770 1279 1868 (Thiara-eom-

209 1877 292 1975 plet
316 1877 378 1951 des
401 1885 544 1968 thins,
571 1879 638 1951 vol.
668 1883 762 1968 XIV,
787 1883 965 1980 Seneque,
993 1895 1074 1954 tom.
1101 1885 1175 1968 111,
1199 1906 1276 1977 pag.

217 1987 287 2060 500
312 1988 401 2086 sqq.)
428 1993 476 2060 Ea
495 1989 635 2076 scilicet,
658 2015 733 2086 quae
754 2017 774 2062 a
796 2017 900 2062 manu
920 1991 1144 2087 proficiscitur
1165 1991 1279 2062 multis

215 2101 422 2196 egregiisque
439 2102 596 2196 operibus
606 2102 677 2196 jam
697 2100 879 2189 illustrata,
901 2101 997 2172 nobis
1015 2101 1147 2172 videtur
1164 2102 1278 2173 omnia

215 2212 356 2281 omnino
379 2209 575 2307 complecti,
592 2237 666 2306 quae
692 2211 734 2280 de
756 2212 895 2282 Octavia
920 2211 1178 2281 Latinadisseri
1199 2236 1278 2307 pos·

215 2335 303 2392 sunt.
329 2323 439 2417 Ergo,
469 2321 706 2416 potiusquam
734 2319 838 2390 latine
867 2317 1007 2390 dialecto
1033 2333 1214 2408 uteremur,
1244 2321 1281 2388 iu

214 2457 314 2527 quam
333 2431 434 2501 verba
450 2429 584 2526 quidem
607 2446 641 2500 et
671 2431 851 2502 sententias
878 2427 988 2525 gallici
1012 2431 1202 2525 scriptoris,
1221 2431 1280 2500 sed

215 2565 284 2611 nou
310 2565 451 2612 acumen
476 2555 511 2610 et
530 2538 729 2634 elegantiam
743 2520 747 2541 ’
754 2537 975 2634 potuissemus
1002 2538 1194 2631 traducere,
1215 2564 1281 2610 ma-

214 2649 339 2720 luimus
357 2648 448 2719 adire
469 2664 640 2719 auctorem
663 2650 791 2744 ipsum,
810 2663 945 2718 orantes
961 2651 1091 2720 veniam
1112 2649 1278 2719 inserendi

214 2759 314 2852 hujus
331 2757 442 2854 gallici
457 2761 645 2844 Excursus,
667 2757 775 2852 qualis
790 2772 858 2846 est,
878 2771 953 2852 post
970 2773 1082 2827 nostra
1101 2762 1278 2830 Commen-

215 2871 299 2940 taria
317 2897 325 2938 :
344 2869 435 2965 quod
456 2867 591 2964 quidem
611 2891 741 2937 summa
759 2892 835 2937 cum
859 2867 1065 2964 benignitate
1085 2893 1277 2940 conoessum

216 2980 313 3050 nobis
337 2979 556 3076 gratulamur,
583 2976 871 3076 gratulabiturque
898 2979 1019 3059 Lector
1048 2976 1278 3066 doctissimus,

216 3090 294 3184 quia
312 3116 410 3160 nemo
433 3089 603 3160 literarum
623 3088 855 3184 progressibus
875 3112 945 3157 sese
965 3099 1074 3156 totum
1096 3089 1278 3182 impensius

213 3202 357 3287 addixit,
384 3217 418 3270 et
444 3199 639 3295 ampliorem
666 3198 826 3269 doetrinae
851 3197 982 3293 copiam
1009 3211 1148 3264 exornat
1177 3197 1281 3266 hone-

213 3311 314 3380 stiore
336 3335 433 3379 sensu
456 3307 642 3394 modestiae,
657 3332 758 3403 quam
778 3308 829 3378 bis
850 3305 1055 3400 temporibus
1073 3306 1275 3378 rarissimam

213 3443 397 3515 querimur.

620 3569 858 3596 ---—-

266 3723 401 3777 Examen
415 3718 451 3771 de
462 3718 617 3775 l'Ocrsvrr
626 3755 634 3784 ,
641 3733 703 3789 par
715 3715 757 3769 M.
772 3714 1036 3778 Alaun-Duum,
1052 3710 1177 3766 membre
1187 3712 1224 3767 de

311 3809 629 3885 z’lnsriturmademae
640 3809 691 3865 der
704 3808 890 3882 lmcnptions
906 3817 935 3862 et
947 3807 1186 3877 Belias-Lectus)

262 3965 386 4032 «Cette
399 3956 557 4054 tragedie‚
575 3955 658 4027 dont
675 3953 707 4024 le
719 3955 837 4048 sujeta
853 3950 906 4023 ete
923 3949 984 4022 tire
1002 3950 1043 4020 de
1064 3949 1221 4020 l'bistoire
1237 3951 1278 4020 de

215 4081 320 4147 Rome
339 4099 416 4145 sous
441 4072 487 4144 les
507 4095 714 4166 empereurs,
734 4081 785 4139 est
805 4066 836 4137 la
861 4064 950 4137 seule
971 4065 1013 4134 de
1037 4088 1075 4133 oe
1097 4087 1198 4158 genre
1218 4063 1278 4157 qui

1097 4177 1155 4256 18³
