3130 5118
379 496 918 568 ·AN1MADVERSIONES.
1128 495 1192 571 185

132 647 250 686 annotata
266 627 390 686 beneficii
406 629 466 684 looo
484 642 539 694 est,
558 628 629 684 cedit
639 628 667 682 in
681 647 794 699 porram.
806 628 866 684 Hoc
882 649 936 686 non
957 631 1052 700 cepio,
1073 632 1109 686 sit
1124 633 1196 689 Gre-

133 711 230 764 norius.
243 709 277 762 Et
294 705 346 761 vid.
362 708 390 761 in
405 707 475 762 notis
485 749 492 773 ‚
504 707 572 780 quid
588 722 732 780 proponat.
744 706 829 761 Addit
844 711 955 783 insuper
971 708 1060 776 idem,
1079 725 1150 766 certe
1164 715 1193 770 τὸ

132 794 158 844 ie
173 809 227 844 non
243 789 362 860 agnoseit
375 787 494 842 Florest.
513 788 602 842 Velim
629 789 717 860 itaque
739 786 890 860 distingui:
921 817 932 838 ι
947 788 997 844 Sed
1015 809 1078 862 sepe
1096 791 1193 848 donum

130 869 243 924 Pluribus
258 872 337 927 veruo
351 869 440 936 soie.»
466 865 523 923 Hoc
539 881 721 938 pensemurn,
739 880 769 927 ut
786 888 880 941 supra,
900 889 939 926 vs.
956 871 1032 940 857:
1051 897 1063 920 ι
1073 871 1130 928 lasse
1145 872 1196 926 erit

132 962 192 1002 voto
211 967 313 1012 manua.
332 973 344 996 ι
368 949 424 1002 Nec
441 945 582 1006 urendum
602 947 691 1002 Grotii
712 947 807 1005 eodem
827 947 909 1007 nodo
922 948 1196 1022 distinguentimeri·

133 1029 218 1084 lentis
232 1048 297 1084 vero
313 1048 319 1079 :
336 1027 445 1098 pluribus
459 1031 532 1080 nerle
547 1029 633 1096 obfuit.

169 1122 233 1189 933.
253 1121 313 1174 Non
332 1132 423 1190 rrrsptoe,
444 1123 529 1174 sciant.
542 1121 587 1176 Sin
603 1121 721 1175 Flami.
732 1121 768 1174 At
783 1119 903 1174 Gronov.
925 1143 936 1168 s
955 1139 1012 1176 rto·
1028 1141 1057 1182 n·
1073 1123 1158 1188 tolet,
1177 1148 1189 1170 ι

135 1212 161 1253 et
170 1199 245 1254 addit
259 1220 265 1251 :
280 1199 323 1254 Sir
334 1200 441 1270 Lipsius
453 1219 536 1272 quum
549 1201 688 1272 legeretur,
702 1204 774 1254 scias.
790 1200 881 1256 Refert
889 1214 978 1256 antem
989 1199 1023 1258 td
1034 1202 1192 1266 Herculem

133 1292 156 1332 et
172 1280 258 1351 placet
271 1278 372 1332 Delrio.

170 1374 236 1441 934.
252 1371 387 1425 Absolutis
395 1391 469 1423 ream.
483 1373 560 1426 MSS.
574 1391 683 1434 omnes,
709 1373 801 1424 solvent
819 1393 893 1425 nam.

170 1471 235 1533 962.
263 1461 377 1536 Sisyphia
403 1468 489 1517 otreio.
511 1465 570 1519 MS.
589 1466 682 1530 8032,
704 1463 821 1537 Sisyphon
840 1485 863 1517 e.
884 1465 940 1519 MS.
965 1467 1054 1530 8028,
1077 1477 1103 1518 et
1127 1483 1189 1520 tane

132 1541 378 1616 dtiose‚Sih·5iee.

169 1642 233 1704 944.
248 1633 359 1690 Deludot
377 1637 450 1689 sitim.
470 1634 594 1688 Praebent
608 1635 685 1690 MSS.
699 1635 802 1706 plnres,
815 1633 919 1708 decipiat
930 1641 1003 1690 sitire.

168 1729 233 1794 948.
254 1727 391 1779 Veretum
408 1729 510 1780 Danais.
527 1727 750 1782 Auscultavernnt
765 1723 945 1801 liaphelen'gio
958 1729 1085 1784 scribenti
1104 1742 1193 1797 verat,

133 1825 212 1876 quum
222 1806 310 1860 simile
318 1807 370 1860 hoe
382 1806 502 1862 erederet
513 1807 582 1862 illius
593 1808 621 1862 in
631 1805 709 1860 Here.
717 1807 781 1860 Fur.
789 1827 815 1862 ιι.
828 1806 880 1862 500
890 1828 897 1859 ι
914 1834 925 1859 ι
936 1808 1009 1865 deest
1018 1829 1071 1864 una
1082 1829 1194 1867 numero

19 1917 21 1948 ;
131 1884 225 1938 Drusis
237 1906 244 1937 ι
259 1885 373 1956 explebo
385 1887 466 1940 neses.
485 1913 497 1935 ι
514 1885 614 1940 Omnes
624 1887 685 1939 libri
697 1899 750 1942 tant
761 1887 853 1960 scripti
863 1907 944 1960 quarn
957 1889 1093 1962 impressi,
1106 1903 1194 1954 vocer,

132 1983 205 2038 quern
218 1965 359 2020 lectionem
372 1965 508 2022 declarans
520 1979 590 2022 recte
599 1967 705 2022 Delriua
718 1984 725 2018 :
746 1993 757 2014 ι
770 1969 860 2044 jubet,
872 1968 976 2040 inquit,
987 1987 1076 2022 earum
1090 1988 1169 2025 uuam
1182 2008 1191 2033 ,

19 2027 20 2060 ³
133 2063 188 2118 que
200 2045 293 2100 labore
304 2043 380 2098 irrito
393 2064 486 2114 aquam
495 2046 665 2112 hauriebant,
673 2065 784 2100 vacare:
801 2066 828 2100 se
840 2047 972 2102 obituram
978 2049 1050 2116 vices
1058 2049 1192 2118 ejuallla,

132 2143 187 2194 que
203 2143 319 2178 nurnero
333 2122 422 2178 deerat
433 2126 664 2198 quinquagesima,
687 2144 742 2180 non
752 2140 842 2180 vacat:
859 2145 997 2198 nunquam
1009 2125 1083 2200 apud
1094 2128 1196 2184 Interes

19 2198 27 2252 Γ
133 2221 189 2258 enm
203 2203 344 2258 sororibus
355 2204 441 2258 loreto
451 2223 512 2258 vase
528 2201 629 2270 undas,
641 2224 706 2278 quas
717 2203 856 2276 perderet,
867 2207 983 2277 repetiit.
1000 2233 1012 2257 ι

170 2297 237 2364 951.
255 2295 362 2366 Utroque
385 2297 470 2348 dextra
490 2309 529 2353 ert
548 2295 589 2350 Sc.
611 2315 653 2353 ren
678 2311 756 2353 mater
774 2315 869 2352 norem.
890 2297 969 2355 MSS.
991 2295 1099 2368 quidtut
1123 2298 1196 2354 ltnne

132 2392 231 2428 vasum
241 2413 248 2438 ,
260 2373 444 2429 deficientibus
457 2377 584 2446 utrinque
595 2376 718 2438 vocibus,
734 2377 772 2428 sic
786 2373 929 2447 legendum
944 2379 1076 2448 prebent,
1087 2377 1196 2449 [Imque

19 2481 20 2494 ι
132 2454 213 2510 (ἱστίη
226 2467 263 2508 est
271 2474 283 2522 ,·
298 2455 406 2510 addetur
420 2459 526 2509 comitem
541 2459 595 2510 turi.

170 2546 235 2619 957.
246 2547 359 2602 Nemetis
374 2551 445 2600 sacri.
464 2548 539 2601 MSS.
555 2549 643 2618 8037,
658 2549 731 2601 8²62
745 2585 753 2611 ,
766 2549 866 2600 ueneris
876 2550 975 2600 sacrati.

169 2628 237 2696 959.
253 2627 306 2682 Nee
321 2645 409 2682 mersor
419 2639 493 2681 easta
501 2630 577 2694 freis.
592 2626 669 2680 MSS.
682 2626 783 2698 aliquot
795 2643 802 2679 :
816 2647 860 2678 nee
873 2645 941 2678 uon
956 2638 1031 2680 orere
1037 2626 1112 2696 fidu.

169 2711 234 2776 960.
248 2707 355 2764 cmo
363 2707 448 2762 Belias
457 2711 481 2760 ιἰι
488 2708 566 2774 ferro.
578 2706 819 2760 Florentiuuslella
832 2725 884 2759 rum
890 2707 973 2774 fem,
985 2725 1017 2760 ex
1028 2707 1196 2778 qaoGsono-

132 2785 188 2842 tius
199 2787 344 2842 reertaime
356 2787 421 2840 iecit
429 2787 514 2840 Belias
524 2792 549 2840 ιἰι
557 2788 638 2854 sem.
650 2786 787 2856 Apuleius,
795 2786 862 2838 liet.
872 2786 928 2851 111,
941 2793 977 2858 47
989 2803 995 2840 :
1014 2811 1025 2834 ι
1036 2787 1123 2840 Atilii
1134 2789 1195 2842 bar·

131 2865 187 2922 hri
201 2885 290 2938 neque
302 2867 402 2937 Bagam
418 2867 597 2938 eepinent,et
610 2884 693 2937 qaum
709 2884 751 2918 tna
766 2864 888 2920 viderent
900 2857 1027 2931 inferro,
1040 2878 1129 2922 tamen
1145 2887 1195 2922 an·

132 2943 219 3002 dacter
234 2946 391 3002 retinente
408 2945 535 3009 Ovidius,
550 2945 615 2999 Met.
630 2946 714 3009 vtu,
731 2945 787 2998 313
801 2963 809 2995 ι
827 2946 877 2997 sin
892 2946 980 3000 arnis.
995 2971 1007 2994 ι

168 3030 237 3098 96ι.
250 3027 388 3095 Agnoscat.
403 3025 478 3078 Libri
492 3025 613 3096 impressi
624 3037 651 3080 et
663 3023 739 3078 MSS.
753 3035 890 3094 cognoseat.

169 3111 236 3173 962.
253 3105 362 3160 Turdam
376 3104 442 3158 liber.
459 3106 518 3160 MS.
535 3103 623 3168 8035,
639 3103 738 3158 «turba
751 3103 847 3156 tiber..

169 3187 237 3254 966.
255 3185 339 3256 Atqttr
356 3186 461 3252 semiferi
481 3185 540 3238 doli.
568 3184 646 3238 MSS.
670 3181 764 3255 quidd.
787 3202 888 3252 rumque
911 3183 989 3249 serris.
1011 3181 1083 3235 dalis.
1104 3185 1193 3249 8028,

133 3281 230 3336 eamque
247 3285 269 3318 r.
286 3265 361 3317 dolui.

169 3344 237 3414 973.
250 3345 355 3414 Aliqua,
363 3356 387 3396 er
395 3355 593 3396 emeramnus.
604 3341 680 3395 Libri
692 3340 815 3414 quidam,
830 3368 841 3390 ι
849 3341 937 3412 eliqua
947 3342 1089 3395 Sarmatica
1102 3355 1130 3396 et
1139 3362 1195 3398 rne-

132 3441 187 3476 nus.
202 3449 214 3471 ι
242 3423 320 3476 Nihil
332 3423 461 3476 insenius.
475 3423 546 3476 Flor.
559 3420 605 3475 sed
620 3433 647 3474 et
659 3421 726 3473 alius
739 3421 913 3474 Germanicus
924 3458 932 3484 ,
947 3419 1059 3492 perinde
1071 3435 1101 3474 ut
1112 3422 1194 3493 Lipaii

132 3500 211 3556 eadex
227 3504 331 3576 :aliquo
343 3515 369 3556 et
380 3514 493 3564 umore,-
519 3501 591 3556 unde
604 3500 762 3564 rectissime,
778 3501 824 3570 ille
838 3513 949 3554 armore.
969 3500 1094 3564 Valeant,
1112 3502 1194 3557 iaeete

132 3583 235 3655 subjicit
247 3581 418 3648 Gronovius,
433 3581 583 3636 sarmatico
595 3586 743 3634 Amazones
755 3579 873 3634 Gruteri.

169 3663 236 3794 9175.
252 3663 334 3793 ‘Teque
347 3662 472 3734 languenti
485 3681 556 3720 maru
570 3661 605 3716 Ν.
618 3660 688 3714 audie
701 3680 752 3712 aro.
761 3657 893 3736 Pedestria
903 3659 1002 3728 lectio,
1014 3660 1052 3714 ait
1061 3661 1139 3714 Both.
1148 3661 1194 3732 qul

132 3758 170 3794 tntt
191 3755 233 3808 et,
262 3754 404 3811 arguentem
418 3760 497 3792 mortu.

167 3838 232 3892 977.
248 3823 372 3876 Animosa.
391 3821 435 3874 Sic
448 3820 562 3894 Lipsius.
582 3818 681 3880 Omnes
697 3816 760 3870 libri
781 3819 897 3870 animosa.
921 3816 975 3870 Sed
994 3832 1067 3874 reete
1086 3819 1191 3872 Gruter.

134 3924 146 3946 ι
160 3901 224 3968 Cur,
234 3901 338 3974 inquit,
350 3901 438 3956 minus
446 3900 546 3974 placeat
555 3902 660 3952 αιιὶιιιοιι
671 3899 771 3966 conjux,
784 3897 928 3969 malimque
940 3898 1073 3956 librorum
1082 3898 1193 3968 seriptu-

131 3997 199 4044 ram,
213 3994 266 4046 est,
283 3979 356 4052 quod
374 3999 429 4035 non
444 3977 548 4036 videam
564 3997 613 4034 eur
635 3978 672 4032 ita
691 3977 850 4050 compellare
869 3976 966 4032 debent
986 3977 1109 4032 maritum
1126 3974 1192 4031 adeo

131 4058 230 4114 viribus
250 4059 399 4128 delectum,
413 4072 443 4114 ut
462 4059 504 4114 vix
525 4070 639 4114 mortem
654 4058 759 4112 lemine
772 4056 885 4122 inferat3
906 4069 933 4110 nt
946 4075 973 4110 te
991 4061 1122 4110 errimosam
1132 4057 1192 4127 jure

132 4135 216 4206 dicat,
227 4137 301 4214 qnod
318 4140 390 4196 ultro
407 4145 487 4196 tnorti
507 4138 557 4212 ipsi
574 4138 690 4192 incurrat
699 4136 787 4202 ,nihil
798 4135 947 4207 refugiens,
960 4147 989 4190 ut
1000 4135 1085 4190 solent
1096 4133 1192 4188 mulie·
