3220 5128
407 499 940 576 ANIMADVERSIONES.
1139 513 1209 584 205

41 687 42 696 ἦ
184 627 270 696 1739.
295 624 337 679 Sr'e
350 627 375 680 d.
384 628 447 696 fleri
459 629 526 694 Her.
537 630 653 701 Repellit
671 631 805 700 Butheus,
819 648 846 688 et
859 634 926 690 dicit
940 658 947 688 ι
962 637 1037 692 Libri
1045 642 1115 712 fleri.
1131 643 1211 700 Male.

143 703 210 758 Nam
228 705 370 777 legendum
382 709 463 775 firrr',
481 707 509 761 id
523 722 577 774 est,
595 710 693 766 efferri.
709 711 790 767 Ouid.
807 715 898 770 Amor.
914 717 955 774 11.
972 737 1033 784 xrr,
1052 721 1109 789 39:
1130 725 1211 796 εἶμι

144 787 227 855 perit,
242 789 376 858 ferturque
394 801 453 840 toro
467 789 580 842 resoluta
591 791 711 862 capillos.
724 819 735 842 ι
751 793 806 846 Ubi
820 795 897 864 plura
912 796 1045 852 Heinsius.

186 873 272 936 ¹7⁴²·
293 867 422 938 Torquens.
438 869 541 938 Vulgo,
547 871 662 940 struens,-
676 873 730 936 atii,
744 883 845 927 torrens.
857 876 936 930 Both.
951 877 1134 950 reponendum
1148 901 1211 938 een·

144 945 196 997 snit
212 957 333 1014 torquens,
356 945 481 1000 suadente
496 949 642 1003 Gronovio.

187 1032 273 1094 1749.
286 1025 388 1077 Minima
402 1047 426 1098 q.
432 1028 529 1097 flamm.
545 1047 626 1098 occup.
641 1027 800 1102 Scripsimus
818 1035 914 1086 minima
934 1031 968 1088 de
982 1036 1100 1090 virorum
1117 1039 1211 1096 doctu·

144 1121 203 1154 rum
214 1099 333 1174 judicio,
347 1106 466 1174 quamvis
478 1107 549 1178 vulg.
559 1120 585 1160 et
596 1108 718 1180 impressi
733 1113 806 1161 nimia
819 1113 968 1169 exhibeant.

187 1196 269 1265 1752.
289 1197 339 1249 Ast
354 1198 392 1249 ut·
411 1218 497 1268 graves
512 1199 605 1252 Lueere
624 1199 715 1252 barbas.
738 1201 861 1256 Heinsius
881 1201 1022 1276 legendum
1040 1210 1207 1282 suspicaturi

150 1302 161 1321 ·
170 1289 209 1328 ast
221 1271 262 1328 iili
276 1277 361 1329 trabes
372 1279 477 1331 Luxerc
488 1280 522 1331 ab
533 1299 597 1344 ora,
612 1305 623 1326 ι
639 1281 680 1334 rel
696 1284 722 1332 in
735 1281 823 1336 orbem.
843 1283 895 1337 Sed
908 1287 1027 1340 herebat
1037 1289 1066 1342 in
1080 1291 1208 1360 epitheto.

148 1355 239 1409 Graves
253 1355 335 1408 barber
350 1370 411 1410 sunt
425 1356 556 1412 verendae.
569 1358 711 1430 Antipater
723 1359 865 1428 Sidonius,
877 1364 968 1436 Epigr.
984 1385 1031 1430 sn,
1046 1387 1083 1420 vs.
1093 1369 1109 1422 3
1121 1390 1128 1423 :

560 1493 638 1563 κόμαν
647 1481 783 1564 Ἡρακλέους

324 1584 419 1653 lepesin
435 1589 456 1636 θ’
466 1583 571 1640 unirer.

146 1724 224 1796 Apud
234 1724 383 1778 Lucianum
397 1726 526 1796 Cynicus,
540 1727 569 1778 in
582 1726 693 1798 Dialogo
707 1728 746 1781 sie
759 1729 904 1801 inscripto,
913 1729 947 1784 de
961 1729 1074 1788 Hercule
1089 1735 1211 1792 Theseo·

147 1805 335 1877 quemquem,
348 1823 372 1858 e.
386 1811 438 1867 πάι
453 1808 494 1858 τὸν
512 1806 622 1876 πώγωνα
635 1809 726 1877 κόσμον
738 1801 826 1878 ἀνδρὸς
844 1809 964 1880 ἐνόμιζον,
981 1813 1063 1882 aierem
1074 1815 1115 1868 uui
1126 1817 1209 1872 inatus

146 1887 249 1954 χαίτην,
270 1883 312 1936 καὶ
322 1887 425 1938 λεόντων
440 1887 538 1955 γένεια,
556 1876 588 1944 οἷς
607 1887 618 1936 ὁ
640 1888 690 1946 tet:
712 1882 817 1959 ἀγλαΐας
832 1891 873 1942 καὶ
887 1891 978 1960 κόσμου
994 1895 1063 1963 χάριν
1077 1898 1210 1965 προσέθηκέ

147 1986 208 2018 τινα·
219 1965 309 2017 οὑτωσὶ
325 1959 354 2016 δί
372 1963 413 2016 καὶ
434 1968 484 2025 ταῖς
500 1960 605 2034 ἀνδράσι
617 1967 657 2018 τὸν
669 1965 779 2035 πώγωνα.
793 1969 948 2036 reperiemur.
958 1970 1028 2025 Plin.
1037 1974 1121 2043 Epist.
1133 1976 1162 2040 Ι,
1177 1995 1208 2042 x,

147 2050 178 2106 fi,
193 2044 227 2100 de
245 2044 381 2114 Euphrate
394 2043 557 2115 Philosopho
570 2063 577 2096 :
592 2044 759 2098 1Proceritas
777 2047 909 2117 corporis,
931 2047 1028 2104 deeora
1048 2052 1144 2120 farier,
1161 2053 1209 2108 de.

147 2126 239 2180 missus
252 2123 376 2192 capillus,
396 2123 488 2194 ingens
504 2136 530 2175 et
544 2140 607 2177 cana
619 2124 718 2176 barba:
740 2143 799 2195 quur
814 2126 875 2179 licet
889 2128 999 2180 fortuita
1015 2143 1041 2182 et
1056 2131 1143 2186 inania
1157 2152 1208 2204 pu·

147 2217 249 2269 teratur,
269 2201 410 2256 illitamen
427 2203 571 2274 plurimum
585 2207 744 2255 uenerationis
756 2204 907 2274 acquirunt.
924 2231 935 2253 ·
952 2199 1014 2274 (Ed.
1027 2223 1095 2264 nost.
1111 2213 1162 2265 vol.
1179 2215 1209 2279 1,
1287 2272 1289 2281 y

147 2303 203 2356 pag.
217 2278 274 2346 αδ.)
293 2284 308 2333 Ῑ
327 2301 415 2342 nunc,
434 2281 468 2335 de
487 2282 546 2335 iana
562 2281 669 2352 caprina
690 2282 734 2336 die
754 2284 905 2355 agi,quum
927 2283 962 2339 de
982 2287 1064 2341 barba
1086 2291 1210 2346 Herculis

147 2365 274 2514 '8¹:21³'
287 2441 387 2493 Vultum
399 2443 489 2493 auree.
502 2439 618 2506 Quidam
629 2439 705 2493 MSS.
718 2441 789 2492 uultu
800 2443 890 2494 minue.

187 2535 272 2606 1754.
289 2535 417 2605 Appeteres
428 2537 500 2603 ignis.
512 2532 588 2586 MSS.
602 2532 731 2602 Appeteres
741 2535 807 2602 ignes
819 2545 845 2585 et
858 2545 995 2602 appeterent
1004 2539 1071 2605 ignes
1084 2533 1157 2592 dant.

187 2629 271 2698 1757.
289 2628 443 2696 Cinereruque
458 2627 566 2696 jactans.
585 2623 661 2678 Both.
681 2627 775 2690 Recte,
805 2625 852 2696 qui
873 2625 925 2678 hoe
946 2625 1088 2682 ferendum
1101 2647 1207 2703 negent.

149 2708 310 2778 Corruptum
315 2709 451 2777 [attenuet
460 2703 648 2758 sufficiendum
657 2701 728 2756 haud
739 2703 819 2757 dubie
830 2705 857 2756 in
867 2707 923 2774 ejus
933 2706 1020 2759 iocum
1028 2721 1143 2764 tractam.
1153 2713 1210 2766 Nec

148 2789 221 2858 pejus
233 2789 269 2841 sit
286 2812 298 2835 ι
315 2787 431 2840 cinerem
444 2797 593 2846 retractans,
609 2795 668 2852 gut
683 2783 779 2836 iterum
794 2784 943 2856 iterumque
956 2798 1077 2842 tractasse
1090 2791 1209 2848 cinerem

147 2867 194 2920 filii
206 2867 383 2938 intelligamus
394 2876 520 2930 matrem,
533 2876 559 2918 et
573 2864 710 2916 oculorum
724 2863 807 2916 aciem
818 2882 850 2918 eo
861 2862 1038 2936 defigentem,
1053 2881 1080 2922 et
1092 2884 1207 2926 mentem

149 2959 238 3002 totam.

188 3031 275 3097 1761.
289 3025 366 3096 Cepit.
382 3023 461 3078 Both.
475 3042 536 3078 eum
549 3023 622 3075 Flor.
637 3021 681 3074 neu
695 3041 746 3086 me,
761 3025 852 3093 recipit.
865 3023 921 3076 Nos
932 3029 1010 3095 cepit,
1025 3044 1084 3097 quse
1099 3028 1204 3100 vulgata

148 3115 185 3160 eu
197 3107 293 3171 lectio,
306 3105 476 3159 servarimus.
997 3099 1003 3118 ‘

188 3189 274 3257 1768.
289 3187 445 3257 Brutumque.
461 3181 536 3236 MSS.
551 3193 579 3234 et
591 3177 654 3233 edd.
668 3179 724 3232 sere
739 3199 832 3233 omnes
845 3200 977 3252 rursusque.

189 3271 273 3337 1769.
294 3265 389 3318 Solus?
404 3263 503 3318 muudus
516 3263 638 3332 impositus
648 3272 710 3311 tuas.
731 3259 807 3313 MSS.
827 3259 921 3314 Solus?
932 3263 995 3330 iguis
1008 3265 1063 3332 imp.
1077 3274 1095 3316 t.
1115 3265 1205 3332 8024,

150 3345 236 3415 8029,
250 3345 314 3398 solus
329 3347 393 3415 ipris
404 3347 460 3414 imp.
477 3356 494 3395 t.

189 3443 273 3495 177²·
283 3425 468 3477 Pulsubisreut
480 3441 539 3494 quas
550 3431 607 3472 mat.
617 3430 667 3471 etc.
675 3417 763 3488 Vulgo
774 3436 781 3470 :
797 3419 845 3469 edi!
856 3438 915 3490 quus
928 3431 1011 3478 mater,
1026 3432 1075 3474 etc.
1088 3421 1206 3480 Floreat,

148 3515 253 3558 menon
268 3505 309 3558 at.
321 3503 463 3574 Sequimur
471 3500 639 3555 Gronovium
650 3537 657 3563 ,
670 3498 706 3550 ita
720 3497 897 3552 scribentem:
914 3523 925 3545 ι
937 3495 1073 3554 Pulsabis?
1086 3515 1130 3556 aur
1140 3523 1205 3576 quar

148 3597 229 3637 mater
239 3583 275 3637 ad
288 3585 376 3637 fauces
386 3602 458 3655 agar,
473 3583 532 3648 Qua
546 3598 618 3633 mors
633 3577 740 3630 aditur?
753 3602 765 3624 »

191 3682 273 3736 ¹777·
290 3665 351 3734 Quis
368 3683 403 3714 me
417 3673 539 3734 parentem
556 3679 580 3712 n.
592 3659 733 3711 Alcmenam
745 3675 822 3708 suam.
837 3655 908 3710 Flor.
921 3658 1068 3713 Alemensm.
1082 3661 1203 3734 Conjeeit

149 3741 231 3797 Gran.
247 3772 259 3793 e
272 3743 402 3809 Quisnam
414 3763 441 3814 p.
453 3753 547 3812 gnatus
557 3738 704 3792 Alcmenen
719 3754 803 3789 suam.
818 3761 828 3782 α

191 3825 274 3893 ι788.
287 3823 405 3876 Fer-uides.
418 3821 462 3875 Sic
478 3821 595 3874 Floreat.
609 3817 679 3882 alit,
690 3816 780 3867 minus
793 3815 875 3877 bene,
887 3814 997 3886 perfida.

191 3905 274 3973 1789.
287 3903 410 3956 Ismarios.
423 3900 467 3954 Sic
479 3901 564 3953 Gron.
577 3909 603 3950 at
614 3896 684 3948 Flor.
699 3896 828 3959 lenterius,
839 3906 865 3946 et
877 3907 963 3960 reete,
972 3897 1010 3950 ait
1021 3897 1099 3951 Both.

191 3999 273 4052 179².
288 3979 533 4034 Tatruureturdolor.
546 3977 630 4031 Gron.
645 3973 841 4044 «corruptum,
854 3973 942 4044 inquit
952 4014 960 4040 ,
972 3977 1098 4043 omnino,
1111 3990 1138 4030 et
1150 3997 1205 4032 cor-

149 4059 305 4131 rigendum,
321 4062 474 4133 priusquam
491 4053 687 4129 explicandum.
706 4055 804 4107 Forte:
819 4065 889 4105 nutus
908 4064 990 4107 uretur
1002 4055 1089 4121 dolor,
1108 4075 1205 4130 nempe

149 4140 270 4195 Junanis.
282 4167 295 4189 ι
311 4139 380 4194 Mihi
392 4158 447 4194 non
463 4138 500 4192 sic
516 4135 633 4198 ridetur,
648 4133 710 4199 sed,
724 4145 847 4204 usurpata
863 4131 946 4202 figura
965 4133 1075 4187 minime
1085 4135 1207 4200 insolita,
