3220 5128
393 552 464 634 noi
622 552 676 618 IN
702 553 993 621 HERCULEM
1019 551 1232 623 OETAEUM

434 683 518 750 1676.
532 678 616 750 Comp.
631 679 691 732 lucr.
703 682 752 751 inq.
764 683 882 732 introrsus
892 680 971 736 dolor.
981 681 1039 734 Ms.
1052 680 1136 745 8033,
1151 705 1162 727 ι
1177 679 1272 750 Comp.
1284 679 1304 732 l.
1315 679 1369 750 lnq.
1382 679 1399 730 J
1400 697 1459 732 uno

393 777 441 812 cur
452 761 543 812 letum
558 757 646 823 diem,
661 785 672 805 ι
684 759 787 812 omissis
797 761 921 830 pluribus
934 762 1030 814 verbis.

434 841 517 908 1677.
540 837 642 890 Contine
660 838 777 908 irfirrnrrm
786 841 864 909 jecur.
887 841 956 905 elil,
982 853 1076 894 «cont.
1096 837 1342 909 firmum-jecurst
1361 836 1457 902 elteri,

394 941 407 966 ι
420 917 567 988 comprime
579 917 685 970 firmum
698 921 780 988 jecur.
793 944 803 966 ι

435 997 520 1050 1685.
536 997 635 1066 Quanto
654 1017 706 1068 pas
720 998 798 1050 obitos
811 998 889 1052 tulit?
909 999 1087 1053 lleierendum
1102 996 1134 1051 sd
1156 997 1309 1068 superiore,
1329 1006 1456 1066 tunquam

394 1089 461 1130 esset
475 1101 487 1124 ι
500 1076 568 1140 Quis
580 1080 615 1127 sie
635 1077 823 1148 triumphavit,
838 1082 873 1130 sie
886 1080 1007 1150 gentibus
1021 1080 1091 1150 leges
1111 1075 1199 1142 dedis,
1218 1089 1248 1129 ut
1267 1075 1317 1128 Illo
1335 1073 1423 1128 obiit?
1441 1099 1453 1122 ι

392 1155 482 1208 Minus
496 1155 567 1207 enim
587 1157 718 1210 concinna
736 1170 774 1210 est
792 1157 923 1212 librorum
937 1157 1119 1230 interpunctio
1131 1158 1207 1210 hec:
1231 1177 1242 1199 ι
1254 1154 1321 1220 Quis
1331 1153 1458 1207 sic...vi-

392 1233 468 1288 ctos?
478 1235 567 1306 quis...
576 1236 720 1304 tyrannus?
735 1250 863 1306 quantu...
878 1237 958 1292 solist
975 1265 986 1285 ι
1010 1237 1066 1291 Nec
1080 1237 1136 1290 iero
1153 1235 1299 1290 Florentini
1314 1234 1457 1286 lectionem

397 1338 408 1360 ι
418 1333 447 1385 q.
461 1333 512 1386 pax
525 1313 645 1366 habitum
659 1327 677 1368 t.
694 1341 704 1362 ι
725 1317 811 1371 Born.

437 1396 520 1464 1691.
536 1393 655 1447 Nullasne
669 1398 693 1446 in
705 1415 730 1448 o.
742 1399 806 1446 nisit
816 1396 851 1448 od
859 1415 911 1468 sup.
923 1417 963 1466 pr.
978 1395 1036 1450 MS.
1053 1397 1143 1460 eost,
1162 1419 1173 1442 ι
1186 1393 1300 1448 Nullane
1315 1393 1344 1446 iu
1357 1411 1393 1446 ss.
1405 1392 1459 1444 rni-

392 1485 463 1526 seret
476 1491 535 1544 sup.
546 1491 573 1542 p.
586 1497 597 1519 ι
615 1472 672 1526 MS.
687 1473 777 1540 8033,
793 1489 858 1528 sunt
870 1476 942 1528 misit
957 1476 985 1528 in
999 1492 1108 1544 superos
1122 1493 1165 1545 pr.
1175 1499 1186 1521 ·

437 1553 521 1622 169⁵.
534 1552 681 1622 Despicemt.
696 1554 805 1625 Aliquot
821 1555 888 1607 libb.
900 1567 926 1607 et
936 1555 1013 1609 MSS.
1022 1555 1147 1624 despiciat.

334 1635 336 1640 '
434 1636 520 1702 1697.
536 1632 585 1694 Te,
606 1643 644 1695 te,
658 1644 738 1702 poter.
753 1634 877 1705 Plerique
888 1634 965 1688 MSS.
978 1638 1021 1686 iste
1032 1647 1068 1686 est
1078 1645 1157 1704 puter.

436 1729 518 1782 ¹70²·
531 1713 627 1781 inspius.
643 1712 719 1765 MSS.
737 1717 821 1783 impias
838 1731 898 1766 cum
910 1713 1074 1784 Rspbeleng.
1083 1713 1129 1784 qui
1142 1709 1269 1765 adnotet:
1288 1735 1299 1757 ι
1313 1725 1394 1764 nemo
1407 1727 1458 1763 ne·

393 1802 438 1862 get
445 1793 592 1860 implorares
601 1791 723 1859 poeticos
731 1790 783 1844 dici
794 1810 800 1844 :
810 1811 889 1846 nemo
896 1805 982 1846 tamen
993 1807 1065 1848 recte
1071 1793 1152 1846 scribi
1159 1791 1238 1844 etism
1247 1809 1331 1862 posse,
1343 1792 1455 1860 impios.-

437 1876 519 1940 ¹7⁰⁴·
533 1869 622 1921 Mortis
637 1873 682 1936 ins.
698 1872 771 1924 locem
784 1871 924 1938 Heinsius,
943 1873 1004 1944 quie
1019 1891 1074 1926 non
1090 1871 1141 1924 elie
1155 1889 1228 1924 mors
1240 1888 1319 1940 quum
1336 1868 1457 1934 inferno,

394 1948 542 2020 suspicetur
556 1953 632 2001 noctis
646 1963 692 2002 sut
705 1955 775 2003 sortis
787 1953 898 2018 insemoe.
912 1953 1042 2006 Neutrum
1057 1964 1095 2004 est
1108 1968 1222 2004 necesse.
1236 1951 1319 2002 Poetis
1332 1949 1413 2014 enim,
1427 1961 1459 2001 ut

396 2028 433 2080 uit
452 2028 650 2094 Quintilianus,
670 2031 752 2097 VIII,
772 2035 805 2098 6,
824 2039 876 2096 40,
900 2033 982 2084 sestis
1005 2044 1043 2084 est
1063 2033 1171 2084 trilores
1198 2029 1340 2082 convenire
1358 2028 1460 2093 serbo,

395 2107 439 2160 cui
455 2107 619 2178 opponitur:
640 2121 665 2162 et
685 2109 720 2163 its
741 2110 822 2164 dentes
837 2111 903 2173 albi,
924 2125 951 2165 et
963 2112 1060 2164 bunida
1074 2114 1130 2163 vine
1146 2111 1175 2162 in
1187 2109 1229 2162 bis
1242 2127 1296 2162 non
1310 2108 1461 2179 repreben-

395 2185 506 2240 duntur.
523 2186 603 2260 Apud
618 2202 750 2242 oratorem
761 2230 769 2256 ,
780 2191 831 2243 nisi
841 2189 943 2262 aliquid
955 2191 1077 2256 efficitur,
1087 2187 1230 2242 redundat.
1245 2213 1256 2235 ι

439 2266 519 2338 1705.
531 2267 682 2320 Contemni.
693 2270 725 2322 ln
736 2270 808 2342 Mog.
820 2271 917 2342 legitur
929 2271 1086 2336 conturbant,
1097 2267 1169 2340 quod
1183 2268 1275 2322 lectius
1285 2279 1312 2320 ot
1320 2267 1462 2320 sonantius

396 2364 476 2417 quens
490 2359 615 2400 conterunt
627 2348 730 2402 Botbeo
738 2349 853 2404 videtur.

439 2443 522 2496 171¹.
535 2427 621 2480 Pande
635 2439 692 2481 ton.
702 2429 760 2483 MS.
774 2429 858 2496 8035,
870 2430 951 2500 pande
961 2441 994 2482 tu.

439 2505 524 2576 ¹7¹⁵·
539 2506 596 2558 Hoc
608 2520 709 2580 postque
724 2509 829 2564 addidit.
848 2511 892 2564 sic
913 2510 986 2581 vulg.
1005 2527 1096 2562 omnes
1109 2507 1174 2561 editi
1187 2519 1214 2560 et
1229 2504 1359 2570 impressi.
1379 2504 1462 2558 Hunc

396 2585 485 2638 locum
508 2585 544 2638 ite
564 2586 740 2640 ordinsndnm
764 2589 833 2642 vidit
853 2588 971 2643 Gronov.
992 2587 1138 2643 secundum
1158 2585 1359 2649 Florentinum,
1385 2585 1459 2655 quit

399 2690 410 2712 ι
421 2664 478 2716 brec
488 2677 630 2736 postquem
643 2664 742 2733 edidit,
752 2668 883 2721 Flammas
893 2671 1025 2741 poposcit.
1038 2695 1048 2716 ι
1064 2668 1114 2722 sed
1127 2668 1195 2720 mule
1206 2664 1309 2718 medius
1319 2665 1357 2717 ibi
1367 2682 1461 2717 versus

398 2741 606 2808 desiderabatur,
619 2763 698 2816 quem
715 2765 762 2799 suo
776 2749 836 2801 loco
850 2750 970 2818 reposuit
985 2749 1093 2802 criticus
1106 2745 1298 2818 Lugdunensis.

439 2840 524 2893 ¹7¹9·
538 2823 603 2876 Non
617 2843 700 2875 nonus
710 2826 800 2896 pnoidn
814 2831 918 2898 inpium.
929 2828 1009 2880 Both.
1025 2854 1037 2875 ι
1050 2827 1071 2880 si
1084 2830 1140 2899 ipse
1149 2827 1259 2898 impiam
1273 2834 1349 2896 putet
1360 2822 1462 2877 caedem

395 2900 536 2966 Hercules,
557 2901 621 2972 qnid
636 2903 746 2957 miratur
763 2906 934 2960 abhorreres
948 2908 1046 2960 scelere
1064 2907 1260 2962 Philoctetem?
1276 2901 1461 2975 reponendum

396 2981 453 3051 ipss
464 2982 591 3034 sententie
601 2980 687 3035 duce:
703 3009 714 3031 ι
729 3003 794 3037 num
811 3004 904 3039 munus
915 2987 1013 3056 pavido
1025 2990 1093 3057 piens
1108 2988 1198 3039 Scelus
1209 2988 1349 3054 refugiunt?
1360 3008 1371 3030 ι
1386 2984 1461 3035 Pium

395 3074 506 3131 propter
516 3061 673 3132 obsequium
687 3062 714 3115 in
726 3066 851 3119 amicum.
863 3090 874 3111 ι

439 3141 524 3212 ¹7²5·
541 3141 621 3193 Vocat
638 3163 690 3196 ecee
704 3147 757 3213 jons
772 3163 807 3196 sne
824 3148 928 3214 gerticos.
944 3145 1063 3214 Lipsius,
1084 3145 1145 3216 quie
1169 3147 1196 3197 in
1216 3156 1271 3197 vet.
1291 3144 1361 3196 libro
1372 3155 1459 3206 vocor,

396 3219 475 3272 etism
494 3239 587 3292 purum
606 3223 710 3293 putavit
731 3223 792 3276 iovi
806 3223 932 3278 decorum
956 3225 1000 3278 bic
1022 3243 1117 3293 rogam.
1139 3223 1268 3296 Reposuit
1283 3241 1346 3294 ergo
1366 3235 1462 3285 vocor,-

395 3317 456 3369 qure
470 3313 497 3352 et
511 3313 550 3354 est
559 3301 639 3355 lectio
653 3316 755 3364 nostra,
769 3317 796 3356 et
809 3307 863 3375 jem
875 3304 1077 3358 convenientior
1089 3305 1176 3361 alteru.

436 3378 521 3448 ¹7³²·
546 3381 682 3450 ingemiseit
703 3383 792 3451 ignis:
814 3403 829 3434 o
851 3385 934 3436 durum
955 3387 1045 3454 jecerr!
1064 3384 1169 3456 Lipsius
1191 3381 1347 3435 concinnius
1367 3390 1463 3450 putet,

398 3457 489 3526 signis
498 3480 504 3508 :
514 3460 548 3512 nb
559 3458 656 3512 durum
667 3462 758 3532 jecur!
773 3486 783 3509 ι
796 3465 830 3515 At
845 3463 890 3516 ille
903 3482 910 3516 :
924 3465 1011 3528 forte,
1026 3465 1126 3534 inquit,
1137 3462 1274 3516 difficilius
1282 3463 1366 3532 jecur.
1377 3478 1462 3528 quem

393 3537 498 3606 relique
512 3538 614 3592 interne
630 3541 815 3594 comburitur:
829 3561 890 3596 num
910 3543 938 3596 in
951 3544 1130 3614 Thyeste,vs.
1144 3559 1219 3613 770:
1238 3538 1351 3594 ustridet
1369 3539 1398 3591 in
1413 3557 1463 3592 ve-

393 3617 476 3668 rubus
488 3618 594 3686 jecur.·
614 3619 723 3690 Egregie
747 3621 815 3675 sntio
837 3623 879 3675 cui
900 3625 1064 3676 conveniunt
1078 3641 1135 3694 sqq.
1154 3624 1302 3692 ingemiscit,
1323 3633 1372 3672 etc.
1395 3621 1463 3688 quie

393 3713 453 3749 curn
468 3694 623 3750 diiiicultnte
638 3698 704 3751 illud
723 3702 794 3752 urit:
813 3702 854 3754 vel
873 3701 1054 3771 synecdoche,
1071 3701 1143 3773 quod
1161 3703 1248 3773 ipsum
1263 3702 1339 3771 jecur
1353 3696 1463 3752 videtur

394 3775 578 3845 ingemiscere,
596 3776 706 3832 stridere
720 3792 745 3832 et
763 3782 836 3851 qussi
849 3783 934 3852 queri.
957 3782 1029 3836 Flos.
1042 3783 1141 3853 plone:
1159 3783 1295 3834 «Tantum
1310 3777 1465 3848 ingemiscit

394 3854 462 3925 ignis
478 3873 485 3908 t
499 3858 516 3906 b
531 3853 628 3908 durum
643 3858 728 3928 jecur!
745 3886 755 3905 ι

436 3933 518 4003 1738.
531 3935 604 3988 Nunc
613 3957 638 3988 ss
646 3958 734 4008 'soreos
744 3940 819 3992 Herc.
832 3941 951 3994 Florent.
970 3967 981 3989 ι
991 3943 1070 3994 Nunc
1085 3953 1122 3994 est
1135 3958 1240 4013 purens.
1253 3965 1264 3986 ι
1283 3938 1407 3992 Correxit
1423 3936 1467 3990 de

393 4011 497 4085 judicio
510 4014 639 4069 Gronovii
652 4018 807 4091 Heinsiique
819 4019 966 4074 Budenius:
979 4023 1075 4074 «Nunc
1087 4040 1113 4074 es
1124 4037 1218 4093 parens
1230 4018 1307 4072 llere.
1320 4043 1331 4064 ι
1346 4029 1370 4070 et
1380 4030 1464 4070 recte.

397 4095 598 4148 Meminerimus
612 4097 682 4149 enim
698 4117 756 4169 sup.
769 4115 808 4151 rs.
827 4102 917 4170 1573,
932 4114 1081 4173 correptam
1100 4102 1133 4154 sb
1154 4099 1267 4153 Hercule
1284 4097 1463 4161 Alcmenam,

394 4173 466 4245 qnod
480 4173 646 4245 lacryment.
