3130 5118
239 745 714 853 IMITATIONES
751 747 1071 855 GALLICAE

319 963 489 1034 SUPER
521 963 772 1034 HERCULE
804 965 983 1034 OETAEO.

455 1132 849 1168 *ψ

117 1247 259 1348 Liccr
283 1273 428 1370 plurima
457 1290 587 1344 exstent
613 1301 715 1371 super
737 1271 880 1346 Hercule
910 1280 1078 1368 carmina,
1104 1305 1188 1376 pau-

114 1391 254 1459 eissimae
278 1405 388 1458 tumen
414 1388 457 1457 ad
482 1413 543 1458 nos
567 1405 791 1483 pervenerunt
810 1391 990 1486 tragoediae,
1013 1395 1048 1463 in
1067 1396 1190 1490 quibus

5 1575 6 1588 ,
116 1519 228 1598 partes
250 1506 433 1599 praecipuas
451 1519 529 1596 agat
550 1508 656 1572 Heros
679 1503 735 1574 ille
754 1519 994 1595 etsan1o1mS,
1018 1511 1188 1580 veteribus

115 1619 247 1714 Lyricis
277 1634 346 1687 tarn
377 1643 461 1712 saepe
490 1617 700 1706 decantatus3
729 1645 790 1689 nec
816 1617 899 1689 ullas
929 1627 1183 1714 memoraveris,

116 1749 236 1828 praeter
255 1757 397 1828 graecam
425 1731 618 1827 Sophoclis,
648 1758 722 1827 quae
741 1735 935 1805 inscribitur
960 1737 1184 1826 Trachinlae,

115 1847 270 1942 hancque
288 1846 426 1916 latinam
443 1848 549 1915 nostri
568 1851 710 1918 Senecae.

163 1958 389 2056 Sophocleum
411 1961 527 2030 drama
547 1964 697 2030 unanimi
720 1961 859 2032 laudum
878 1979 1043 2035 concentu
1062 1991 1185 2061 appro-

116 2077 191 2161 bat,
213 2077 364 2171 quisquis
381 2076 515 2170 tragicae
533 2076 614 2144 artis
630 2075 859 2146 excellentiam
875 2093 908 2146 et
927 2081 1135 2174 recognoscit
1153 2093 1188 2150 et

115 2189 322 2276 admiratum
334 2189 419 2258 nihil
434 2191 524 2258 enim
541 2190 589 2258 ibi
607 2189 844 2283 requirendum
863 2191 1005 2278 habeas,
1021 2219 1079 2263 seu
1100 2193 1190 2264 sesti·

116 2307 287 2374 nationem
310 2305 352 2374 ad
369 2321 523 2373 eventum
544 2320 690 2398 spectes,
708 2330 763 2374 seu
782 2305 978 2375 carminum
990 2307 1188 2404 dignitatem

115 2437 148 2491 et
167 2419 355 2517 simplicem
378 2421 591 2515 nativamque
610 2417 732 2513 dialogi
755 2436 972 2491 venustatem.

165 2537 343 2625 Quantum
368 2551 479 2604 autern
505 2561 525 2604 a
544 2534 706 2628 tragoedia
726 2559 831 2629 graeca
851 2533 983 2606 differat
1000 2536 1065 2605 hoc
1087 2563 1187 2633 opus,

115 2651 271 2722 fabulave
290 2657 438 2739 Senecae,
458 2650 512 2720 vel
531 2652 641 2745 primo
663 2651 786 2720 intuitu
810 2650 905 2720 facile
927 2653 1001 2746 quis
1025 2653 1188 2746 dijudica·

116 2768 221 2852 verit,
238 2766 486 2852 deficientibus,
499 2763 594 2840 ¹ultra
613 2789 713 2858 quam
733 2762 829 2850 licet',
843 2780 876 2834 et
893 2768 979 2861 aptis
997 2770 1189 2857 sententiis,

114 2898 148 2952 et
173 2881 279 2950 habili
298 2897 502 2951 contextura.
521 2885 594 2952 Nec
612 2883 737 2949 mirum
756 2896 823 2968 est,
843 2882 934 2975 quod
948 2884 1105 2953 Heinsius
1124 2887 1187 2955 Sc·
1304 2903 1305 2906 ’

116 3023 206 3068 necae
226 3021 348 3066 nomen
371 3023 390 3066 a
413 2997 511 3066 titulo
534 2995 676 3065 voluerit
698 2995 853 3082 abolere,
879 3022 983 3090 quum
1005 2997 1111 3068 multa
1133 3001 1187 3068 in-

117 3140 217 3211 super
231 3095 425 3200 occurrant,
438 3138 505 3181 non
522 3111 623 3180 modo
642 3137 703 3206 per
715 3109 879 3206 ampullas
894 3111 1119 3182 intolerabiles
1131 3141 1187 3184 ex-

118 3256 248 3325 pressa,
264 3229 321 3298 sed
340 3229 440 3298 etiam
459 3228 599 3298 barbare
620 3227 726 3309 dicta,
746 3243 779 3296 et
796 3252 815 3296 a
832 3253 910 3296 vero
929 3253 1028 3297 sensu
1047 3229 1187 3301 detorta.

117 3349 262 3431 Auctor,
280 3343 432 3439 quisquis
455 3357 524 3428 est,
546 3341 697 3411 Herculis
720 3341 821 3436 hujus
837 3343 947 3411 OEtaei
971 3343 1130 3412 nonnulla
1150 3371 1191 3414 ex
1237 3373 1239 3380 ·

119 3459 295 3555 Sophoclis
306 3457 491 3528 Philoctete
507 3471 540 3526 et
552 3457 741 3527 Trachiniis
754 3471 924 3526 mutuatus
936 3471 1005 3544 est3
1021 3483 1059 3527 ea
1077 3475 1189 3529 autem

118 3586 186 3678 tam
219 3569 388 3640 luxuriosa
416 3568 681 3638 adulterinorum
717 3582 989 3636 ornamentorum
1026 3569 1193 3664 farragine

118 3684 248 3770 obruit,
263 3699 301 3752 ut
319 3685 372 3752 vix
388 3697 514 3776 queant
532 3682 678 3777 agnosci.

167 3797 267 3894 Apud
289 3798 506 3885 recentiores,
526 3811 559 3865 et
575 3823 593 3866 e
609 3795 844 3884 Nostratibus,
865 3797 1017 3867 citandus
1041 3813 1090 3867 est
1111 3813 1190 3868 aute

118 3911 201 3981 alios
216 3917 260 3982 V.
277 3917 316 3983 C.
336 3916 492 3996 Retron,
512 3912 570 4006 qui
589 3911 624 3979 in
642 3910 792 3979 dramate
811 3936 888 3994 suo,
907 3913 961 3980 cui
981 3910 1099 3981 titulus
1117 3928 1185 4001 est,

117 4025 273 4096 Hercule
297 4041 482 4108 morarum,
508 4025 694 4093 imitatione
722 4040 755 4092 et
779 4025 872 4118 quasi
894 4026 1044 4094 versione
1067 4025 1185 4120 gallica

118 4145 326 4212 Aunaeanum
343 4139 522 4210 Herculem
542 4165 571 4208 a.
600 4139 685 4210 1632
702 4142 873 4234 expressit.
892 4142 980 4228 Nec,
998 4165 1188 4235 quanquam
