3220 5128
468 519 695 586 ocrsvm.
723 519 828 587 ser.
857 521 921 586 iv.
1156 519 1227 618 259

212 641 366 706 Formam
387 639 547 726 Senatus,
567 655 641 708 tura
659 665 763 734 quum
781 643 917 734 Superis
934 642 1042 726 dares,

214 751 397 842 Sacrasque
416 763 512 842 grato
533 775 705 844 spargeres
724 775 798 819 aras
814 775 922 829 mero,

213 857 332 928 Velata
352 883 517 928 summum
538 859 691 929 flammeo
714 863 806 928 tenui
826 878 944 954 caput,

214 970 258 1036 Et
278 970 349 1061 ipse
367 967 461 1038 lateri
476 970 613 1062 junctus
635 985 733 1063 atque
750 971 880 1039 haerens
902 987 960 1041 tuo

130 1121 138 1137 «
214 1078 372 1148 Sublimis
389 1080 477 1148 inter
497 1080 618 1149 civium
642 1079 716 1148 laeta
734 1081 847 1149 omina

214 1190 373 1274 Incessit,
390 1189 508 1258 babitu
530 1206 630 1285 atque
651 1215 709 1258 ore
725 1188 873 1259 laetitiam
889 1217 1006 1286 gerens
1079 1225 1103 1284 s
1196 1221 1234 1270 :⁰⁵

217 1299 375 1393 Princeps
394 1300 561 1394 superbo:
583 1299 657 1370 talis
674 1325 835 1369 emersam
854 1302 940 1370 freto
1274 1295 1286 1312 '

213 1412 401 1504 Spumante
418 1408 535 1479 Peleus
553 1411 728 1504 conjugem
750 1412 878 1503 accepit
894 1411 1037 1480 Thetin:

218 1521 373 1610 Quorum
393 1533 482 1589 toros
500 1519 681 1589 celebrasse
700 1518 854 1590 Caelestes
870 1521 997 1604 lerunt,

219 1628 399 1740 Pelagiquc
422 1654 546 1699 numen
566 1655 665 1698 omne
685 1655 847 1700 consensu
868 1632 950 1726 pari.

215 1741 305 1829 Quae
326 1740 437 1808 subita
460 1738 571 1808 vultus
589 1765 688 1809 causa
709 1741 852 1809 mutavit
870 1740 967 1809 tuos?

217 1849 312 1938 Quid
331 1845 436 1943 pallor
454 1849 531 1934 iste,
549 1850 631 1943 quid
648 1850 756 1919 lerant
773 1848 935 1934 lacrimae,
956 1851 1046 1920 doce.

217 1983 296 2028 ror.
317 1955 465 2027 Confusa
482 1959 567 2028 tristi
586 1961 745 2052 proximae
763 1961 868 2028 noctis
891 1975 981 2028 metu

217 2069 386 2161 Visuque,
405 2068 544 2165 nutrix,
563 2085 676 2138 mente
694 2070 826 2138 turbata
844 2071 946 2156 feror,

217 2177 356 2248 Defecta
378 2201 487 2245 sensu.
512 2183 603 2248 Laeta
622 2205 699 2248 narn
718 2193 893 2273 postquam
914 2179 983 2248 dies

218 2285 389 2356 Sideribus
409 2285 489 2354 atris
509 2289 622 2374 cessit,
642 2302 674 2355 et
693 2288 783 2356 nocti
803 2285 918 2380 polus,
1200 2315 1241 2368 με

218 2399 312 2464 Inter
334 2394 478 2466 Neronis
493 2395 610 2486 juncta
633 2395 825 2491 complexus
842 2396 906 2462 mei

171 2569 365 2624 Discubitorios
383 2581 455 2620 toros
469 2567 515 2621 hic
531 2571 684 2639 auspicatus
771 2577 835 2636 704.
854 2569 924 2621 Lara
945 2576 1034 2624 omina.
1052 2573 1186 2646 Loquitur
1203 2580 1237 2636 de

172 2663 209 2704 est
222 2649 383 2712 Fer-nebim,
398 2645 492 2706 credo,
507 2647 581 2720 quod
592 2649 620 2702 in
634 2650 683 2716 iis,
728 2650 864 2703 ominibus
877 2669 953 2704 novo
963 2653 1086 2722 Auguste
1096 2656 1165 2709 bene
1177 2678 1237 2730 pre.

171 2731 260 2801 aptius
271 2746 351 2800 quam
368 2729 397 2779 in
409 2727 543 2798 jugalibus
554 2729 685 2783 resideret
728 2731 844 2783 mutium
855 2747 863 2782 ε
876 2729 910 2782 de
929 2731 1027 2802 quibus
1043 2735 1239 2793 scclnmstioni-

172 2827 274 2880 rponss.
287 2805 338 2860 Sed
354 2808 404 2859 hec
418 2825 482 2860 curs
496 2808 630 2862 abstinere
639 2811 683 2879 ju·
726 2811 778 2863 bus
797 2810 961 2880 nuptialibus
981 2809 1098 2868 diximus
1115 2816 1149 2870 ad
1163 2819 1235 2874 Med.

170 2889 216 2945 bet
223 2906 383 2941 morversus
392 2891 465 2958 726:
483 2887 589 2941 «Toros
601 2907 682 2941 cerno
729 2889 764 2942 58
783 2911 789 2940 :
811 2888 845 2941 de
856 2890 897 2942 bis
911 2892 990 2942 etiam
1002 2893 1124 2960 Tacitus,
1140 2899 1236 2956 Annei.

169 2969 270 3040 jugales
285 2967 384 3038 pariter
402 2978 429 3018 et
443 2967 527 3020 miror
539 2985 630 3034 meos,
654 2969 682 3022 in
726 2970 789 3034 XV,
800 2988 823 3021 c.
836 2970 871 3022 23
890 2990 897 3020 ε
921 2971 1000 3022 «Jsm
1012 2987 1116 3026 sensns
1129 2991 1236 3033 uterum

172 3049 247 3119 queis
259 3044 345 3101 resedi
357 3045 431 3099 lesse.
445 3071 457 3093 ι
474 3045 606 3100 ὃααααιυ.
725 3049 848 3120 Poppeae
861 3049 1095 3106 commendaverat
1107 3052 1174 3120 diis,
1192 3079 1238 3112 vo·

212 3127 421 3197 700.Ture.1n
435 3126 551 3196 nuptiis,
565 3144 639 3198 aque
654 3139 682 3180 et
725 3140 804 3198 teque
837 3129 942 3198 publice
971 3147 1141 3202 smcepemu
1177 3156 1237 3208 qua

172 3205 239 3277 ignis
250 3217 412 3260 recrementa
423 3203 558 3270 adhibite,
574 3225 633 3277 quis
641 3225 682 3259 ca·
725 3206 898 3278 multiplicata
909 3207 1092 3280 exsoluuque:
1106 3223 1132 3264 et
1141 3214 1238 3272 addita

171 3286 256 3338 lorem
282 3297 308 3337 et
326 3285 467 3337 humorem
482 3283 516 3336 ad
537 3285 619 3338 letum
636 3284 683 3338 de·
726 3285 939 3358 supplicationes,
954 3288 1136 3360 templumque
1147 3295 1239 3350 secun.

171 3377 311 3417 nomene:
325 3363 388 3415 hine
403 3363 472 3417 luces
487 3376 513 3416 et
528 3375 600 3429 turs,
621 3382 682 3416 nee-
726 3365 817 3429 ditati,
828 3375 878 3416 etc.
891 3390 902 3410 ι
920 3365 1006 3437 ὓιαει.

172 3441 594 3512 nonrinilibstio:nequeenim
607 3461 684 3509 uxor,
768 3448 832 3514 7⁰6.
858 3444 928 3495 Talis
950 3464 1072 3500 emersam.
1100 3451 1139 3502 Ut
1166 3457 1238 3510 canit

172 3521 226 3575 nisi
239 3519 354 3590 perseus
367 3520 511 3584 sacrifieiis,
525 3519 683 3576 ducebatur.
727 3524 837 3576 Colutb.
847 3541 885 3576 vs.
897 3542 946 3576 ro:
958 3528 1035 3578 Πᾶσα
1045 3523 1074 3579 δὲ
1086 3527 1237 3589 κυδαίνουσα

216 3618 280 3672 7⁰¹·
288 3601 356 3653 Am
365 3599 683 3653 rs.Saerilicantesvinom
727 3598 901 3655 resinent:
913 3606 1009 3672 γενέθλη
1019 3609 1236 3682 Δὺτακασιγνήτην

174 3699 190 3732 e
203 3694 294 3752 patere
308 3678 379 3743 aris,
397 3679 439 3731 vel
454 3679 561 3748 prunis,
576 3679 617 3732 vel
630 3680 684 3732 turi
727 3682 871 3734 λευκώλενον
885 3675 1052 3753 Ᾰμφιτρῖτης,
1063 3707 1087 3740 ιι,
1100 3711 1124 3743 τ.
1135 3699 1158 3746 λ.

175 3758 239 3814 dato
249 3756 494 3831 superfundebant:
509 3757 570 3811 ideo
579 3758 630 3812 rite
641 3759 685 3814 bic
770 3779 837 3829 7¹²·
855 3761 962 3829 Consiua
981 3768 1061 3831 tristi,
1080 3781 1131 3824 ete.
1146 3771 1188 3826 Cf.
1204 3775 1239 3828 ad

175 3837 248 3894 datio
261 3839 327 3892 turis
337 3838 645 3909 libationipraemiuitur.
729 3839 828 3893 calcem
837 3841 945 3911 tragoed.
956 3861 983 3912 p.
997 3847 1241 3915 291,imirerionem

218 3939 281 3988 70²·
292 3919 424 3972 Flammae.
438 3917 597 3972 velamento
610 3919 685 3972 luteo
730 3919 850 3990 gallicam
862 3921 940 3991 hujus
952 3922 1014 3975 loci.

177 4016 223 4051 seu
237 3999 335 4062 rubro,
351 4016 406 4070 quo
423 4017 504 4052 novus
522 4011 619 4071 nuptus
633 3999 687 4072 tegi
772 4001 838 4070 715.
860 3998 983 4053 Sideribus
1003 4008 1080 4068 atris,
1102 4019 1152 4060 ete.
1166 4009 1238 4066 Vide

177 4079 259 4131 moris
278 4091 335 4131 erat
353 4075 466 4149 pudoris
486 4079 586 4149 gretia,
600 4080 644 4132 rel
659 4080 687 4133 in
733 4078 876 4133 Animadv.
891 4111 930 4124 -·
941 4082 1020 4133 Aeris.
1036 4081 1186 4140 Nocturnis.
1199 4122 1238 4136 .-

176 4157 349 4228 subjectionis
363 4159 528 4232 symbolum.
734 4160 770 4211 Er
782 4162 933 4230 noetipoier.
942 4160 1037 4230 Suppl.
1047 4164 1132 4230 venit,
1140 4165 1240 4236 adluit;

1016 4269 1071 4354 17²
