3130 5108
296 521 575 591 HERCULES
599 523 813 590 OETAEUS.
841 521 949 588 ACT.
975 521 1025 590 ll.
1149 517 1191 598 lit

273 644 376 714 Nunc
397 665 531 735 quoqne
545 665 659 710 casum
676 665 924 737 quemcumque
941 641 1057 728 times,
1160 663 1199 700 ⁶·-

273 756 299 822 F
302 752 372 821 idas
394 752 531 822 comites
552 753 665 846 accipe
683 751 772 822 fatis.

274 865 360 936 Nam
383 887 458 931 rara
482 861 583 948 fides,
603 863 661 932 ubi
683 863 753 957 jam
777 862 894 933 melior

567 976 715 1042 Fortuna
738 975 816 1042 ruit.

279 1089 332 1155 Tu
353 1087 559 1180 quicumque
578 1111 635 1172 es,
651 1088 708 1180 qui
728 1101 859 1181 sceptra
881 1102 993 1172 tenes,

277 1196 372 1264 Licet
391 1219 491 1264 omne
513 1209 569 1264 tua
590 1194 711 1290 vulgus
728 1197 763 1265 in
781 1196 857 1266 auia

277 1308 421 1375 Centum
438 1306 566 1399 pariter
584 1303 699 1375 limina
718 1305 843 1401 pulset,

279 1417 393 1504 Quum
415 1429 466 1484 tot
486 1413 620 1510 populis
638 1416 778 1510 stipatus
796 1441 872 1494 eas,

280 1529 320 1595 ln
338 1539 389 1594 tot
406 1523 538 1620 populis
557 1526 612 1593 rix
632 1549 699 1594 una
718 1523 810 1595 fides.

281 1639 388 1706 Tenet
407 1650 561 1704 auratum
584 1634 685 1705 limen
701 1636 867 1729 Erinnys,

279 1749 325 1817 Et
341 1770 445 1840 quum
465 1771 592 1840 magnae
614 1760 750 1840 patuere
767 1747 872 1828 sores,

279 1861 412 1926 Intrant
432 1855 585 1942 fraudes,
603 1857 758 1950 cautique
781 1854 873 1941 doli,

280 1968 486 2060 Ferrumque
507 1965 637 2035 lateus:
659 1990 830 2060 quumque
853 1966 887 2033 in
906 1964 1048 2060 populos

280 2074 418 2145 Prodire
434 2089 573 2170 parant,
590 2099 699 2146 comes
721 2074 846 2144 invidia
864 2089 923 2144 est.

281 2186 425 2254 Noctem
446 2185 577 2279 quoties
595 2200 781 2254 summovet
800 2189 886 2272 Eos,

280 2298 407 2390 Regem
426 2296 523 2364 toties
542 2295 668 2365 credite
687 2297 789 2365 nasci.

281 2405 382 2473 Pauci
406 2429 521 2499 reges,
539 2431 608 2474 non
627 2430 730 2500 regna
750 2404 887 2475 colunt:

281 2513 397 2584 Plures
417 2514 530 2610 fulgor
550 2512 695 2585 concitat
716 2515 808 2584 auiae.

282 2625 387 2719 Cupit
403 2624 458 2694 hic
477 2626 547 2718 regi
567 2625 738 2720 proximus
760 2625 822 2718 ipsi

282 2731 402 2813 Clarus
422 2732 504 2802 latas
522 2735 569 2803 ire
585 2759 645 2828 per
664 2734 786 2804 urbes:

284 2844 363 2912 Urit
379 2845 536 2912 miserum
553 2835 665 2939 'gioria
685 2860 811 2940 pectus.

285 2953 390 3049 Cupit
407 2953 463 3023 hic
482 2955 570 3048 gazis
588 2953 728 3050 impiere
750 2954 889 3023 famem:

210 3105 215 3114 ·
285 3064 357 3133 Nec
375 3079 485 3132 tamen
507 3068 616 3134 omnis
637 3065 734 3161 plaga
753 3064 935 3161 gemmiferi

138 3315 225 3358 want
251 3301 402 3357 incedentes
432 3322 479 3376 per
502 3306 654 3377 publicum,
698 3305 756 3359 dim
768 3305 852 3358 noctit
865 3317 892 3358 et
905 3315 1020 3356 mortem
1035 3303 1212 3368 eraserit,t0-

138 3384 295 3437 referuntur
304 3396 329 3436 et
340 3381 428 3454 adytis
438 3383 608 3439 clauduntur.
620 3410 631 3432 ι
700 3386 750 3440 tien
768 3403 869 3438 novum
893 3383 975 3436 alium
998 3383 1070 3436 nacci
1094 3382 1209 3436 credite:

180 3467 244 3516 fior.
264 3463 383 3525 Comites,
396 3482 454 3517 nos.
472 3463 536 3516 vtd.
553 3465 620 3528 584.
701 3478 804 3519 tautum
821 3464 934 3535 periculi
954 3463 1061 3534 regibus
1076 3464 1215 3514 minantur

178 3543 243 3595 δοῖ.
256 3543 346 3595 Melior
349 3545 469 3610 fortuna,
485 3545 655 3616 prosperitu.
699 3556 792 3598 noctes
808 3544 927 3616 singule.

182 3622 251 3675 603.
266 3623 338 3688 nate,
354 3622 492 3676 abitflor.
502 3626 531 3688 1,
541 3623 595 3676 Od.
605 3625 657 3690 3⁵,
744 3627 811 3678 616.
824 3625 903 3676 Pauci
910 3662 918 3688 ,
928 3623 1019 3692 piures
1028 3623 1120 3675 colunt
1130 3621 1216 3692 regiae

146 3701 183 3754 ²5
200 3718 274 3772 seqq.
700 3703 837 3769 fortunas,
853 3721 932 3775 quam
948 3721 1085 3774 pertonat.

180 3785 245 3834 606.
257 3781 357 3834 Centum
363 3802 374 3844 ,·
384 3781 605 3854 multn,propter
616 3802 656 3836 sn·
742 3787 808 3851 619.
833 3783 921 3836 Clarus
942 3784 1005 3834 latas
1025 3785 1060 3835 r're
1076 3801 1122 3851 per
1136 3779 1214 3834 urbes.

140 3860 258 3914 tellitnrn
277 3873 303 3914 et
326 3861 507 3915 ministrorum
529 3863 655 3935 frequen·
700 3861 830 3917 incedere
850 3863 901 3915 late
916 3881 965 3934 per
977 3862 1057 3915 urbes
1073 3880 1133 3914 cum
1149 3861 1215 3912 fastu

141 3939 217 3994 tiam.
228 3940 306 4012 Virg.
318 3941 416 4013 Georg.
428 3941 469 4004 11,
487 3946 554 4004 461.
699 3955 724 3995 et
742 3943 825 4013 gioria
839 3945 912 4014 juxta
933 3960 1033 4013 regem.

182 4024 251 4072 612.
267 4020 369 4084 latens,
381 4020 415 4074 ad
428 4020 545 4074 insidiae.
741 4026 805 4075 622.
837 4023 978 4089 Gemmifen'
997 4023 1065 4074 Istri'.
1082 4018 1214 4073 Lucidum

185 4101 254 4152 613.
267 4100 371 4152 Parnm.
388 4101 539 4172 Principes,
556 4120 637 4172 reges.
699 4099 836 4155 adamanta
851 4104 903 4155 fert
917 4103 995 4166 Ister,
1007 4115 1037 4155 ut
1048 4115 1142 4153 auctor
1154 4099 1218 4151 Dio-

186 4182 254 4240 614.
270 4179 378 4234 Noctem.
396 4181 508 4245 Quoties
525 4200 571 4235 rex
591 4182 654 4234 insi·
700 4200 756 4252 nys.
769 4183 871 4254 Perieg.
881 4203 905 4235 v.
917 4182 989 4248 3183
1004 4181 1115 4248 invirg.
1124 4178 1217 4238 (alu,
