3130 5108
280 533 560 605 HERCULES
586 535 797 606 OETAEUS.
826 541 934 610 ACT.
959 545 1033 612 111.
1148 546 1189 616 61

168 681 290 728 ursan.
308 657 524 752 Quicumque
542 661 663 728 misero
679 660 766 730 sorte
787 660 956 734 dissuadet
970 668 1074 754 mori,

166 765 323 837 Crudelis
345 767 399 836 ille
418 784 470 838 est
485 795 493 840 τ
511 770 645 839 interim
665 795 763 865 poena
782 787 831 842 est
850 777 954 845 mori:
1155 802 1195 842 es„

166 877 235 948 Sed
257 903 343 972 srepe
359 879 486 949 donum
505 882 539 950 in
558 878 713 975 pluribus
730 883 835 953 venire
850 884 925 956 fuit.

167 1013 277 1060 uurn.
298 988 451 1059 Defende
470 989 585 1060 saltem
607 991 794 1079 dexteram,
816 992 951 1080 infelix,
966 1010 1072 1084 tuam,

165 1099 373 1194 Fraudisque
390 1099 520 1170 facinus
538 1126 625 1189 esse,
641 1127 711 1172 non
726 1119 859 1198 nuptae,
874 1106 992 1176 sciant.

164 1234 290 1279 unser.
316 1210 490 1280 Defendar
505 1208 597 1280 illic:
622 1212 721 1282 inferi
739 1213 915 1284 absolvent
933 1241 1035 1287 ream.

161 1327 192 1390 Α
210 1322 352 1414 meipsa
370 1320 532 1390 damnor:
550 1336 672 1416 purget
694 1324 753 1397 has
770 1322 895 1395 Pluton
918 1350 1049 1396 munus.
1149 1353 1189 1404 ns

161 1431 268 1500 Stabo
284 1447 363 1500 ente
384 1432 491 1526 ripas,
511 1433 689 1504 immemor
704 1435 829 1520 Lethe,
850 1439 945 1518 t'ues,

162 1543 207 1609 Et
224 1541 345 1610 umbra
362 1543 468 1612 tristis
488 1543 666 1637 conjugem
686 1545 850 1639 excipiam
867 1569 991 1614 meum.

160 1649 229 1718 Sed
250 1665 308 1736 tu,
327 1652 491 1746 nigrantis
509 1677 612 1748 regna
630 1655 688 1747 qui
708 1669 841 1748 torques
860 1653 950 1749 poli,

160 1761 248 1830 Para
270 1757 442 1831 laborem:
460 1761 584 1832 scelera
603 1789 679 1857 quae
698 1765 839 1860 quisque
858 1790 959 1834 ausus
981 1779 1047 1851 est,

152 1957 221 2024 926.
237 1955 320 2008 Peene.
341 1955 465 2026 Magnam
487 1957 559 2009 euim
579 1956 627 2010 ha·
672 1970 699 2010 et
720 1958 818 2011 scelere
839 1957 930 2011 fecisse
951 1956 1090 2024 videbere,
1105 1972 1183 2033 teque

16 2021 17 2036 ³
116 2033 155 2087 liet
170 2035 265 2087 matris
280 2048 383 2106 partem
397 2035 496 2088 nutrix.
671 2035 836 2090 indefensam
846 2039 980 2109 relinques
993 2056 1000 2090 :
1015 2040 1035 2091 si
1049 2040 1135 2106 vives,
1149 2061 1181 2095 ex

151 2115 382 2186 93o.1nterimp.
403 2114 627 2171 interdurnvid.
670 2116 727 2188 ipse
751 2117 850 2171 fiducia
873 2117 1036 2188 judicabunt
1059 2120 1184 2174 homines

16 2263 17 2266 Ἴ
115 2211 149 2248 vs.
167 2197 235 2258 486.
256 2193 383 2265 Accipias
402 2213 510 2250 manere
523 2197 628 2264 omnis,
670 2215 807 2262 errorem,
820 2216 876 2250 non
889 2199 991 2252 crimen
1003 2199 1091 2254 fuisse.

115 2273 243 2344 Dejanirae
259 2292 308 2344 per
322 2275 524 2346 occupationem
537 2275 625 2331 dicta:
710 2279 778 2345 934.
794 2277 920 2344 Defendar
933 2279 992 2330 illic.
1014 2278 1095 2350 Apud
1114 2279 1182 2334 inle-

114 2353 203 2418 ieteor,
220 2353 360 2407 interdum
382 2355 453 2408 niori
471 2374 549 2427 poena
572 2369 624 2419 est,
667 2373 720 2410 ros.
740 2356 885 2426 Euripides
904 2358 1032 2420 Hecuba,
1048 2377 1088 2412 vs.
1105 2360 1180 2422 418:

114 2451 192 2502 quum
222 2433 326 2488 scilicet
349 2435 455 2507 cogitur
480 2436 550 2488 mori
579 2437 625 2506 qui
665 2425 797 2490 llaetd'ts
813 2433 875 2504 ᾅδου
887 2436 1002 2507 κείσομαι
1016 2439 1088 2508 χωρὶς
1103 2441 1181 2492 cites.

114 2511 254 2579 detrectem
267 2511 394 2586 sedsaepe
408 2514 562 2570 donumvel
578 2515 626 2568 be·
666 2517 838 2587 Propertius,
857 2518 885 2581 1,
902 2534 950 2584 19,
969 2517 1004 2570 3:
1023 2542 1035 2564 ι
1049 2518 1108 2570 Illic
1125 2519 1181 2571 for-

114 2593 254 2657 neficium,
280 2611 363 2664 quum
386 2595 553 2667 permittitur
576 2613 624 2648 ro·
666 2613 746 2647 mosae
767 2595 875 2648 veniant
896 2597 994 2649 chorus
1015 2595 1143 2651 lieroinae.
1164 2624 1176 2646 »

112 2671 173 2727 lenti
185 2685 214 2726 et
227 2671 407 2728 desideranti:
420 2687 449 2728 et
461 2676 552 2728 multis
563 2695 624 2729 eou-
665 2675 692 2726 Si
712 2675 781 2728 bene
798 2676 1001 2748 conceperimus
1016 2695 1109 2728 verum
1126 2677 1179 2731 loci

112 2770 177 2808 ω
189 2765 230 2807 est
244 2771 318 2806 mors
331 2772 382 2824 pro
394 2754 482 2810 venia.
500 2757 558 2809 Hoc
575 2775 623 2828 po-
664 2772 788 2821 sensum,
810 2756 867 2808 vult
879 2756 1030 2828 significare
1041 2756 1178 2828 Dejenira,

113 2844 237 2886 suenum
263 2831 358 2887 alludit
388 2833 424 2889 ad
453 2853 500 2888 eos
526 2837 624 2908 quibus
663 2833 722 2888 fore
741 2847 772 2888 ut
789 2835 882 2900 inferi,
900 2854 960 2906 quaa
981 2847 1021 2888 est
1039 2834 1179 2908 splendide

72 2959 76 2965 .
113 2910 222 2968 lilremrn
241 2914 339 2966 mortis
358 2915 563 2986 permittebatur
583 2935 623 2970 ar·
663 2913 764 2968 Alcide
778 2915 1023 2981 memorie,herois
1035 2919 1177 2989 conjugem

112 2991 227 3048 bitriurn.
234 2991 300 3048 Vid.
312 2991 453 3049 Animadv.
662 2995 791 3048 relaxent.
799 2995 902 3048 Firmnt
912 3009 1113 3050 antemsensum
1121 2997 1179 3050 hec

146 3075 214 3140 9³¹·
233 3073 333 3125 Donum
343 3074 455 3145 pluribus
471 3078 551 3127 nenia
559 3077 620 3142 suit.
662 3091 724 3144 quae
744 3074 848 3145 profert
873 3077 996 3146 Dejnnira
1008 3115 1017 3140 ,
1037 3089 1178 3147 antequam

113 3149 206 3206 Dauum
215 3156 296 3205 venia
302 3155 373 3222 sitit,
387 3152 482 3221 idest,
498 3154 620 3209 beneficii
661 3172 688 3206 se
701 3155 786 3226 ipsam
798 3152 969 3208 condemnet.
977 3156 1010 3206 In
1024 3154 1175 3225 expiando,

110 3232 236 3302 etgratiae
250 3233 478 3288 lococonceesum
494 3246 539 3287 est.
559 3235 620 3289 Sen.
661 3233 812 3288 inferorum
837 3235 910 3287 Deus
934 3235 1128 3300 invocabatur,
1147 3249 1175 3289 et

16 3363 17 3378 ,
110 3308 250 3378 delta,1,
271 3313 473 3368 16:1interim
486 3314 619 3385 optimum
661 3312 882 3380 ideoilla,vers.
899 3313 972 3384 9³⁵:
995 3315 1173 3385 -puegethes

111 3391 297 3446 udeeimediae
306 3412 390 3464 genus
399 3407 453 3460 est,
464 3393 594 3449 occidere.
604 3420 618 3442 ι
660 3393 760 3446 Pluton
772 3412 875 3446 manus.
888 3418 901 3441 ι
919 3392 972 3446 Sed
985 3411 1067 3464 quum
1080 3392 1175 3448 eadem

16 3531 17 3536 ¹
114 3470 141 3522 la
152 3473 263 3542 plordus
275 3471 376 3526 dicitur
389 3493 456 3545 pro,
475 3475 503 3528 in
517 3475 622 3544 plnres,
660 3491 737 3527 suum
748 3474 805 3544 ipsa
819 3473 869 3526 eibi
884 3492 934 3527 nec
951 3474 1037 3543 possit
1048 3493 1098 3526 nec
1111 3475 1177 3528 velit

16 3555 17 3618 Ῐ
97 3541 170 3622 'erga
180 3553 280 3623 plnres.
290 3552 449 3624 Thyest.vs.
462 3571 531 3608 eno:
547 3555 619 3609 «Fae
659 3554 745 3606 scelus
758 3554 912 3623 ignoscere,
932 3553 961 3605 in
984 3572 1011 3606 se
1031 3553 1100 3607 votis
1117 3573 1173 3606 om-

109 3643 145 3684 est
165 3637 192 3684 e'a
212 3635 267 3697 illo,
280 3633 413 3706 quidquid
432 3635 461 3686 in
475 3633 559 3700 fratre
579 3647 621 3688 est
659 3651 721 3686 nem
737 3633 858 3686 Plutonis
871 3634 1039 3686 severitatem
1053 3634 1178 3700 arcessit,

16 3711 17 3750 t
109 3713 182 3765 Q
198 3737 211 3760 ,
227 3713 285 3765 Uhi
296 3712 370 3766 vide.
659 3731 712 3784 qua
723 3711 831 3766 taudem
846 3714 951 3766 eluatur
962 3712 1072 3766 crimen.

144 3791 401 3861 932.Desende.Sed
413 3791 534 3847 dextram
543 3805 616 3848 taam
699 3794 766 3863 936.
777 3793 861 3845 Lethe.
873 3795 951 3846 Herc.
962 3793 1026 3846 Fur.
1038 3811 1076 3845 vs.
1089 3795 1153 3846 680.

16 3887 17 3912 i
110 3871 138 3922 ab
156 3873 230 3925 omni
254 3874 408 3944 suspicione
421 3891 523 3946 purga,
541 3893 619 3946 quae,
698 3874 763 3941 938.
778 3872 832 3938 To,
845 3891 862 3924 o
872 3873 1112 3942 Dis—Nigrensis.
1127 3873 1169 3926 Cf.

110 3950 175 4015 erim
190 3951 321 4024 decepta,
338 3955 430 4008 aliene
450 3953 552 4009 fraudis
566 3955 616 4006 mi·
657 3955 753 4024 rigam.
766 3971 805 4006 rs.
818 3951 885 4022 756.

16 4043 17 4050 ³
108 4029 365 4088 numennumen.
699 4035 766 4102 939.
787 4033 923 4098 Laborem,
941 4032 1090 4086 cruciatum
1108 4051 1170 4085 mee

144 4111 209 4178 933.
221 4111 315 4166 Setae.
326 4114 430 4185 Nempe
442 4114 574 4170 bernium.
586 4115 614 4169 si
657 4112 771 4185 dignum
784 4131 890 4180 errore,
909 4113 1093 4184 quietiorem
1111 4121 1171 4164 om'·

108 4190 191 4244 surim
202 4193 444 4261 nectentem-n
454 4213 615 4266 corrumpec
656 4194 701 4247 nia
714 4193 812 4247 scelera
829 4204 945 4262 superat.
1005 4247 1007 4250 ,
