3130 5118
279 525 563 602 HERCULES
584 525 797 596 OETAEUS.
824 529 933 598 ACT.
962 533 1026 600 tv.
1143 531 1192 630 93

168 648 265 717 Circa
284 644 405 714 nivalis
424 647 564 718 Caucasi
588 646 703 716 domui
723 645 824 718 latus!

168 759 201 825 Ο
219 755 309 825 clara
328 761 484 851 Megara,
503 770 599 843 tune,
618 781 722 850 quum
743 758 907 846 furerem,
923 762 1007 830 mihi

168 865 304 959 Coniux
322 865 441 935 suisti?
463 867 617 959 Stipitem
640 881 741 962 atquc
764 893 862 938 arcus
883 869 968 939 date.

168 977 295 1045 Dextra
314 976 530 1069 inquinetur:
548 975 703 1046 laudibus
718 977 880 1048 maculam
902 981 1103 1073 imprimam.

168 1088 329 1155 Summus
347 1084 478 1180 legatur
497 1085 618 1154 semina
638 1086 823 1156 Herculeus
842 1087 946 1158 labor.
1142 1111 1192 1156 uss

166 1219 249 1268 nrt..
270 1200 454 1290 Compesce
472 1197 581 1282 diras,
601 1199 751 1291 genitor,
772 1199 898 1268 irarum
919 1201 1037 1270 minas.

87 1327 89 1330 ·
164 1306 297 1375 Habet:
313 1322 483 1401 peractum
506 1323 577 1377 est:
598 1333 680 1402 quas
702 1310 786 1402 petis
806 1335 940 1404 poenas,
960 1312 1063 1382 dedit.

167 1417 234 1485 Sua
252 1433 400 1510 peremta
420 1418 555 1486 dextera
577 1434 682 1487 mater
696 1419 796 1511 jacet.

166 1549 271 1596 nanc.
292 1528 379 1597 Caeci
401 1527 558 1596 dolores:
580 1529 734 1598 manibus
756 1531 831 1598 irati
851 1530 1005 1602 Herculis

165 1635 330 1705 Occidere
349 1639 496 1706 meruit:
516 1637 662 1730 perdidit
683 1639 838 1707 comitem
860 1640 992 1709 Lichas.
1135 1658 1190 1702 ¹⁴⁸·

165 1745 290 1815 Saevire
309 1747 344 1814 in
363 1748 472 1842 ipsum
492 1772 614 1842 corpus
632 1748 782 1817 exanime
805 1749 947 1844 impetus

164 1860 277 1948 Atque
295 1857 345 1924 ira
368 1858 480 1951 cogit:
498 1883 559 1926 cur
580 1858 679 1927 minis
699 1860 822 1928 nostris
841 1862 955 1930 caret?

166 1967 284 2059 Ipsum
304 1966 445 2036 cadaver
467 1966 626 2061 pabulum
644 1970 809 2062 accipiant
828 1969 914 2040 serae‘.

164 2099 252 2145 nrt.
271 2073 352 2145 Plus
371 2077 490 2145 misera
512 2076 587 2146 laeso
607 2076 737 2147 doluit:
760 2079 839 2150 huic
855 2079 982 2175 aliquid
1001 2105 1137 2174 quoque

164 2185 353 2254 Detrahere
370 2185 472 2256 velles
490 2213 498 2255 τ
519 2187 640 2257 occidit
659 2189 773 2257 dextra
791 2215 869 2274 sua,
1140 2209 1189 2254 uos
1232 2245 1237 2250 .

163 2298 238 2365 Tuo
260 2292 369 2362 dolori
387 2293 504 2390 plura,
522 2323 620 2390 quam
642 2299 769 2392 poscis,
792 2298 880 2368 tulit.

165 2403 234 2474 Sed
256 2429 326 2474 non
346 2391 492 2475 cruentae
512 2407 690 2476 sceleribus
712 2423 824 2501 nuptae
839 2409 947 2500 jaces,

164 2517 238 2585 Nec
259 2514 376 2582 fraude
395 2518 522 2586 matris.
543 2520 667 2587 Nessus
686 2517 747 2585 hos
763 2518 883 2586 struxit
900 2516 1011 2600 dolos,

165 2628 258 2694 Ictus
276 2625 407 2720 sagittis
424 2627 482 2719 qui
505 2627 571 2696 tuis
591 2628 691 2696 vitam
710 2627 852 2722 exspuit.
875 2713 877 2721 y

166 2739 298 2804 Cruore
315 2737 418 2805 tincta
436 2751 485 2806 est
505 2736 592 2831 palla
616 2738 777 2823 semiferi,
798 2751 904 2831 pater,
1119 2765 1190 2844 ¹ur..

158 2981 241 3046 1452.
267 2983 344 3037 Turre.
365 2983 479 3054 Dignior
498 3003 560 3037 sane
579 2985 630 3038 luit
717 2986 796 3048 raso.
806 2983 1189 3058 Perdiditrnmitemdnterpre-

121 3061 243 3134 Deianira
272 3081 332 3134 quae
360 3063 473 3118 furentis
506 3064 630 3118 Herculis
674 3063 786 3140 tationes
807 3063 921 3117 aliorum
944 3082 1000 3117 non
1028 3065 1128 3118 iaciunt
1154 3065 1198 3124 ad,

121 3159 185 3195 uror
198 3153 275 3196 emet.
674 3161 764 3196 meum
775 3143 950 3196 stomachum.
964 3143 1031 3196 Puto
1043 3144 1185 3198 Herculem

161 3225 248 3294 1457.
261 3221 354 3280 Habet,
371 3222 428 3275 scil.
447 3224 551 3277 vulnus.
563 3225 629 3277 For·
673 3221 803 3286 innuere,
819 3241 846 3276 se
861 3222 946 3275 simile
957 3222 1038 3274 letum
1050 3223 1188 3278 illaturum

121 3302 189 3353 mula
213 3300 313 3355 aludo
341 3299 499 3374 gladiatorio
525 3315 627 3356 sumta:
674 3301 1186 3373 luisseDejanira‚qualeintuleratLi·

121 3379 164 3432 ubi
177 3381 200 3434 si
213 3378 391 3452 gladiatorum
405 3383 469 3435 alter
482 3383 631 3438 vulnusac·
675 3381 747 3445 chae,
771 3381 820 3434 nisi
852 3394 1060 3450 preoccupasset
1084 3381 1183 3437 iarum:

121 3459 631 3530 cepisset,adclamabantadversariuset
674 3461 784 3514 Licham
797 3461 878 3531 igitur
894 3459 1038 3530 perdidisse
1048 3463 1183 3516 comitem.

120 3552 279 3608 spectatores
291 3562 297 3592 :
313 3541 369 3594 Hoc
384 3541 465 3594 babes.
475 3545 630 3612 Agamemn.
675 3541 816 3594 61η-
828 3540 871 3594 Sic
879 3538 977 3594 Troad.
988 3559 1025 3593 vs.
1036 3541 1105 3595 311:
1119 3564 1131 3586 ·
1140 3560 1185 3612 pa·

120 3635 156 3671 rs.
172 3639 238 3688 901.
255 3619 393 3673 Fanen-
411 3623 473 3674 Vos
494 3633 532 3674 est
551 3640 630 3692 qnam
674 3638 786 3690 remque
797 3619 883 3689 poscit
899 3619 1050 3672 Priamus..
1194 3673 1199 3683 ⁸

119 3699 217 3768 pariter
248 3700 439 3770 explicavimus
461 3698 494 3753 ad
520 3701 629 3756 Terent.
718 3703 801 3763 1464.
818 3697 877 3752 Plus
891 3702 993 3762 misera,
1008 3700 1069 3770 plus
1085 3701 1185 3768 velte,

120 3777 203 3832 Andr.
213 3797 254 3832 va.
268 3782 313 3844 ta,
325 3780 404 3834 allato
418 3779 526 3852 Virgilii
539 3799 630 3834 exem·
674 3797 753 3850 quem
765 3774 853 3830 tants

120 3857 173 3926 plo.
187 3858 231 3912 Gi.
243 3859 352 3914 Terent.
368 3858 433 3915 edit.
448 3873 560 3926 nostra,
578 3861 630 3915 rol.
720 3860 803 3922 ¹4⁶5·
819 3858 873 3910 Tuo
887 3856 935 3909 dol.
948 3859 998 3911 Τοῦ
1019 3864 1093 3929 tupu'r
1107 3879 1189 3931 μικρο-

120 3935 218 4009 l,pag.
234 3957 280 3992 er.
626 3951 629 3958 '
677 3933 828 4008 riperdbmr
843 3937 1002 3991 econtrario
1015 3936 1081 3992 dicit
1095 3952 1188 3994 auctor

160 4017 246 4086 1659.
260 4016 328 4073 Caci
340 4019 448 4077 dolores.
461 4017 489 4071 id
501 4031 553 4082 est,
565 4036 632 4091 quo·
676 4015 773 4091 Epistt.
786 4036 845 4088 quae
859 4018 907 4070 sub
918 4017 1064 4071 Phalaridis
1079 4019 1187 4071 nomine

119 4111 177 4147 rum
191 4114 270 4152 eausa
283 4097 432 4168 ignoratur.
447 4097 490 4166 Ad
502 4099 530 4152 h.
545 4098 563 4151 l.
577 4096 632 4151 vid.
678 4099 814 4162 feruntur,
827 4098 878 4168 Ep.
891 4099 934 4151 ³0.

120 4173 261 4229 animadv.
722 4180 803 4243 1469.
823 4177 936 4246 Esrpuit.
959 4175 1105 4231 Exhalarit.
