3130 5118
206 2143 217 2172 t

348 513 415 589 108
627 515 668 582 L.
694 513 874 584 ANNAEI
900 509 1127 582 SENECAE.

326 707 329 724 ,
391 641 570 708 Tremeute
592 639 692 723 Fato,
710 634 786 705 talis
812 636 968 704 incubuit
985 659 1078 730 rogo.

393 748 480 836 Quis
502 747 549 814 sic
569 745 781 841 triumphans
801 743 895 815 laetus
914 746 950 814 iu
969 769 1071 815 curru
1090 746 1182 814 stetit

393 857 537 926 Victor?
554 856 628 950 quis
643 854 702 924 illo
721 855 875 950 gentibus
894 853 989 923 vultu
1011 853 1102 924 dedit

392 969 499 1062 Leges
519 965 700 1060 tyrannus?
717 981 924 1060 quautupax
943 965 1053 1034 obitus
1071 963 1170 1035 tulit?
1367 983 1421 1026 1⁶0⁵

392 1079 525 1144 Haesere
541 1074 709 1144 lacrimae:
729 1075 849 1144 cecidit
867 1073 1030 1170 impulsus
1052 1073 1150 1144 dolor

393 1185 500 1256 Nobis
519 1210 653 1280 quoque
676 1186 779 1279 ipsis:
798 1210 896 1256 nemo
920 1187 1084 1255 morituro
1104 1185 1255 1280 ingemit.

393 1297 468 1364 Jam
485 1296 564 1364 flere
587 1295 697 1389 pudor
712 1309 786 1366 est:
807 1297 894 1390 ipsa,
914 1321 1015 1391 quam
1032 1321 1130 1366 sexus
1145 1297 1242 1394 jubet

393 1410 555 1494 moerere,
578 1407 673 1476 siccis
691 1408 785 1476 haesit
801 1406 960 1477 Alcmene
978 1408 1092 1503 geuis3

394 1519 560 1613 Stetitque
579 1533 658 1586 nato
674 1542 769 1613 paeue
781 1519 851 1612 jum
868 1516 987 1587 similis
1007 1543 1140 1613 parens.
1370 1533 1424 1585 ¹⁶⁹0

394 1653 499 1698 nuru.
511 1627 673 1699 Nullasne
689 1629 724 1696 in
743 1644 831 1698 astra
849 1630 940 1696 misit
956 1627 998 1697 ad
1016 1631 1162 1723 Superos
1183 1650 1297 1721 preces

395 1743 561 1826 Arsurus‚
580 1753 637 1807 aut
657 1739 692 1806 in
709 1753 786 1807 vota
802 1739 945 1832 respexit
962 1739 1102 1808 lovem?

395 1873 493 1918 eum.
514 1849 624 1917 lacuit
645 1849 696 1920 sui
716 1873 870 1932 securus,
887 1862 921 1916 et
941 1848 1058 1922 caelum
1077 1850 1231 1934 intuenc,

397 1960 560 2048 Quaesivit
580 1957 707 2046 oculis,
723 1982 798 2027 urce
819 1983 862 2026 au
880 1981 921 2025 ex
934 1957 1047 2053 eliqua
1071 1973 1167 2052 pater

394 2070 589 2164 Despiceret
604 2069 698 2139 illum
713 2095 721 2138 ε
739 2084 812 2137 tum
834 2092 953 2138 manus
975 2069 1117 2139 tendens
1135 2069 1201 2138 uit:
1368 2085 1424 2136 ¹⁶9⁵

394 2182 642 2275 «Quacumque
660 2195 754 2278 parte
771 2179 934 2274 prospicis
952 2194 1090 2267 natum,
1109 2194 1222 2275 pater,

345 2323 490 2391 Herculea,
502 2326 591 2381 duum
603 2327 732 2393 fremens,
743 2325 803 2380 telis
815 2325 858 2379 iu·
902 2343 952 2380 nec
961 2323 1136 2379 lormidebile
1146 2326 1251 2382 lumen,
1264 2321 1352 2377 Pacem
1361 2325 1424 2377 vul·

344 2408 439 2462 cubuit
456 2426 537 2478 rogo,
553 2407 653 2479 quelle,
666 2419 716 2460 etc.
904 2417 946 2459 tue
962 2406 1052 2460 babet.
1065 2432 1076 2454 ι
1100 2405 1144 2458 Ob
1163 2405 1255 2458 oculor
1271 2418 1360 2457 eutem
1374 2404 1424 2459 bic

388 2489 473 2543 168³.
481 2487 683 2559 Sietrr'umplaus,
694 2486 775 2540 utille
783 2503 859 2557 rogo.
903 2487 1001 2538 Noeter
1014 2485 1108 2541 babuit
1120 2484 1188 2538 illud
1199 2482 1338 2556 Euripidi·
1346 2523 1354 2548 ‚
1363 2485 1424 2536 An·

294 2561 299 2572 ’
392 2570 476 2632 1684.
499 2568 548 2620 Illo
571 2569 658 2631 vultu,
680 2581 733 2621 tam
750 2567 812 2619 leto
833 2577 861 2618 et
902 2564 1038 2619 dromecb.
1053 2584 1092 2620 ve.
1107 2569 1196 2630 1146,
1208 2562 1242 2617 de
1253 2562 1422 2617 moribundo

349 2665 461 2712 cereno,
473 2661 502 2701 ut
516 2647 694 2700 illebebebet.
901 2645 1095 2718 Neoptolemo:
1117 2641 1189 2698 εὐδία
1207 2643 1235 2696 d’
1253 2645 1318 2704 lero<
1333 2632 1423 2710 lem,

389 2729 473 2782 1685.
493 2728 629 2798 Tyrannus.
650 2728 719 2788 ilex.
735 2727 859 2797 τύραννος.
902 2728 1005 2797 φαεινοῖς
1036 2721 1162 2786 δεσπότης
1190 2722 1296 2778 στίλΰων
1326 2724 1422 2785 ὅπλοις.

346 2805 389 2858 Sic
405 2806 477 2859 enim
490 2807 615 2876 primitus
626 2805 728 2859 Grecis
747 2823 860 2874 usurpe-
902 2806 973 2858 Btn.
989 2835 1030 2848 --
1044 2806 1124 2858 Hunc
1138 2805 1227 2858 locum
1244 2804 1279 2857 ite
1295 2803 1424 2874 inreltigtt

347 2897 412 2939 tum.
430 2917 471 2929 -
482 2887 641 2955 Qreautapee
653 2885 731 2937 obitus
745 2885 818 2937 tulit!
832 2884 861 2937 id
903 2883 1069 2938 Schroderue
1090 2903 1097 2938 :
1119 2911 1130 2932 ι
1149 2884 1254 2950 Quinte
1275 2881 1419 2938 commode

349 2979 402 3030 eet,
423 2983 503 3037 quam
525 2965 629 3037 placide
652 2977 765 3018 mortem
781 2965 859 3020 obiit.
902 2965 980 3018 uobis
999 2983 1107 3036 qnoque
1128 2965 1193 3035 ipsis
1217 2977 1270 3016 tem
1300 2960 1423 3035 placidus

347 3046 404 3099 Pae
413 3046 497 3109 cuim,
512 3045 657 3117 interprete
666 3045 758 3116 Lipeio
770 3043 802 3096 ed
814 3044 861 3097 Se·
902 3044 1024 3098 Herculis
1031 3045 1120 3097 obitus
1131 3042 1219 3098 attulit
1227 3043 1256 3110 l·
1270 3041 1336 3095 vid.
1344 3054 1424 3096 cete·

348 3144 406 3179 nec.
418 3125 452 3178 de
465 3128 523 3192 lm,
536 3126 594 3191 111,
607 3132 658 3191 41,
675 3136 714 3178 eet
727 3124 810 3177 enimi
822 3125 862 3177 in·
904 3143 964 3177 rum
979 3125 1064 3176 varies
1078 3124 1213 3176 lectiones.

330 3217 467 3259 'tremum
496 3205 639 3277 compositi
667 3215 694 3257 et
724 3203 862 3276 equebilie
947 3201 1423 3269 1686.Hoesere,ceesevere.-Ceer’·

348 3286 540 3356 tranquillitee3
563 3299 590 3339 et
605 3281 697 3338 eadem
710 3303 775 3338 voce
788 3284 863 3336 eimi-
903 3283 941 3335 dit
952 3283 1066 3355 impulsus
1077 3283 1155 3337 dolor.
1168 3285 1229 3336 Non
1243 3283 1358 3354 impulsus
1374 3281 1423 3336 hie

348 3365 410 3419 liter
426 3384 488 3418 usne
504 3379 543 3420 eet
555 3365 655 3418 Seneca
670 3362 704 3417 de
724 3365 861 3419 Constant.
903 3375 958 3427 est,
983 3363 1070 3434 inquit
1100 3361 1280 3427 Schroderue,
1311 3381 1420 3426 enerues,

350 3445 410 3515 Sep.
430 3463 487 3516 rap.
499 3444 533 3510 ⁵,
548 3445 576 3497 in
589 3443 725 3497 laudando
740 3444 862 3514 Stilpone
900 3443 1038 3512 perculsus,
1051 3442 1123 3514 quod
1135 3443 1192 3496 vult
1201 3441 1364 3505 Gronovius,
1370 3440 1422 3495 eed

350 3525 512 3597 philosopho
528 3547 533 3576 :
551 3551 562 3573 ι
578 3526 651 3578 Inter
664 3524 790 3577 micantes
801 3523 862 3577 nbi·
904 3523 1046 3577 incitatus:
1061 3523 1175 3586 scilicet,
1191 3523 1236 3576 ille
1253 3520 1350 3586 dolor,
1371 3522 1423 3593 qui

348 3625 402 3678 que
414 3603 532 3676 gladios,
546 3617 572 3658 et
581 3605 757 3657 militer-emin
768 3604 863 3676 rupina
905 3602 986 3656 modo
994 3603 1093 3656 iutuitu
1103 3601 1169 3656 dire
1179 3603 1272 3655 moi-tie
1282 3601 1423 3656 Herculeae

350 3685 505 3748 tumultum,
513 3684 582 3737 inter
593 3682 710 3737 flammae
720 3696 746 3737 et
756 3683 863 3756 congni-
904 3683 983 3737 nobie
992 3683 1185 3746 suboriebatur,
1193 3682 1405 3754 augescebctqne
1414 3721 1425 3749 ,

349 3783 412 3818 nem
422 3778 587 3835 stragemque
601 3763 722 3835 impuleae
730 3763 861 3826 civitetie,
905 3763 928 3816 ie
939 3761 1045 3816 cecidit.
1060 3761 1199 3815 Gronovio
1213 3762 1351 3815 assentior.

350 3846 420 3899 inter
442 3845 572 3915 fmgorem
595 3845 757 3914 templorum
781 3861 863 3914 cuper
949 3841 1198 3914 1689.Sr'ocr's‚non
1209 3839 1422 3894 lacrimantibus.

352 3927 426 3978 Deoe
448 3921 675 3978 succendentium
693 3925 742 3976 uni
760 3924 862 3976 bomini
949 3923 1248 3992 1692.1ucota.Utvote
1256 3921 1423 3992 conciperet.

347 4025 400 4076 pac
413 4004 471 4058 fuir.
490 4029 502 4050 ι
523 4004 580 4056 Neo
597 3997 674 4056 aliter
690 4001 770 4056 ovid.
794 4002 859 4056 Met.
950 4003 1035 4071 1693.
1057 3997 1108 4054 Sut‘
1118 4021 1223 4054 securus.
1246 4001 1328 4054 Nullo
1345 4012 1423 4054 motu

349 4088 394 4150 11,
418 4104 442 4138 v.
467 4082 536 4147 858,
554 4081 588 4135 de
609 4084 676 4135 Jove
702 4082 728 4134 in
755 4095 862 4136 taurum
907 4083 1038 4136 turbatus.

350 4183 442 4219 verno:
462 4191 473 4212 ι
492 4163 579 4218 Nullus
599 4163 626 4216 in
651 4163 741 4217 fronte
766 4163 860 4230 mine,
951 4159 1420 4232 1694.Aree;exaliquepnrteceli.
