3130 5118
356 547 421 618 ¹72
577 524 632 591 ΙΝ
658 523 954 592 HERCULEM
978 525 1191 593 OETAEUM

349 657 413 718 illis,
428 669 459 707 ut
468 653 540 724 apud
556 652 636 707 ovid.
649 653 714 707 Met.
726 653 795 716 vlt,
812 672 844 708 ss
860 675 866 705 ε
886 680 897 702 ι
909 651 975 726 quid
987 655 1015 708 in
1025 655 1143 726 hospite,
1156 656 1226 725 regin
1241 655 1328 724 virgo,
1343 655 1413 707 Ure·

353 737 406 799 ris3
425 760 436 782 ι
448 749 474 786 et
483 734 549 786 Met.
559 733 642 796 Vlll,
656 733 691 786 50
704 755 710 784 ι
729 758 741 780 ι
757 733 851 786 merito
861 733 929 787 detts
938 736 1000 787 ursit
1013 737 1041 787 in
1054 736 1106 788 ills.
1119 762 1131 782 ‚

392 816 456 885 ³7²·
481 815 518 866 Et
533 833 614 868 amors
633 826 725 884 eaptus.
741 812 865 866 Heinsius
881 833 996 888 meroque.
1011 815 1038 867 Si
1051 815 1088 868 itu
1103 815 1183 868 vellet
1197 825 1298 880 auctor,
1317 816 1412 876 sienis,

349 912 404 948 nou
420 905 505 962 eaptus
516 891 659 946 dicendum
668 894 728 946 fuit.

392 972 458 1042 373.
477 973 555 1024 Udum
562 972 656 1040 feroci,
673 984 723 1026 etc.
733 972 855 1042 Restituit
866 973 938 1026 udum
950 973 1325 1039 GnilielurusCenterus,Var.
1338 972 1413 1026 Lect.

349 1053 392 1118 11,
405 1072 455 1116 sn,
469 1071 552 1124 quum
566 1053 677 1105 antesin
685 1051 891 1106 omuibusMSS.
903 1067 930 1107 et
936 1050 997 1107 edd.
1005 1054 1135 1125 legeretur
1147 1072 1226 1106 unum.
1234 1054 1355 1106 Incertus
1366 1070 1414 1103 au·

350 1143 410 1186 otor
429 1131 520 1203 elegite
536 1131 564 1184 iu
583 1131 686 1184 obitum
702 1132 868 1197 trecennis,
884 1153 909 1186 r.
932 1140 968 1202 74
983 1154 989 1184 ε
1010 1159 1075 1187 ι...
1098 1133 1194 1187 torsisti
1210 1132 1307 1203 pollice
1326 1131 1414 1192 lusos,

353 1213 444 1264 Lenisti
458 1230 536 1262 morsu
550 1211 616 1263 levia
631 1211 675 1264 filu
690 1230 793 1282 parum.
809 1237 820 1257 ι

393 1291 460 1345 380.
479 1291 513 1342 tJe
531 1291 583 1342 alta
599 1312 619 1343 s.
628 1293 704 1358 form.
724 1311 776 1346 cer.
795 1290 874 1341 tabet.
894 1291 937 1344 Sic
955 1292 1026 1345 Flor.
1040 1311 1095 1345 nou
1108 1293 1156 1345 alit
1167 1304 1196 1345 ut
1214 1293 1293 1362 vulgo
1306 1289 1414 1361 legitur.

350 1370 457 1423 Dictum
472 1389 520 1441 per
530 1371 686 1442 hypallagen
701 1390 751 1442 pro
766 1389 798 1422 eo
810 1367 882 1441 quod
897 1382 937 1423 eat
950 1398 961 1419 ι
973 1385 1000 1424 ιιι
1012 1371 1083 1424 silves
1096 1383 1235 1425 vernantes
1245 1371 1346 1424 hubent
1359 1371 1414 1422 lor·

351 1467 421 1502 mam
435 1446 522 1513 altam,
540 1475 551 1498 ι
567 1449 593 1502 itl
607 1463 662 1515 est,
682 1449 867 1520 conspicuam,
881 1451 946 1504 utin
961 1451 1055 1522 Agsm.
1072 1469 1109 1504 rs.
1123 1453 1158 1520 95
1172 1473 1178 1504 r
1194 1473 1205 1495 ι
1215 1450 1328 1504 Telluris
1338 1450 1415 1502 cltum

350 1543 451 1582 rement
468 1531 597 1600 Argolicae
611 1527 702 1582 decus.
715 1555 725 1577 ι

394 1608 458 1662 382.
470 1610 509 1662 At
522 1629 592 1682 quom
605 1630 627 1661 s.
640 1610 739 1680 expulit.
756 1607 826 1662 Edd.
842 1621 905 1661 vett.
917 1623 945 1662 et
957 1610 1012 1662 Pal.
1025 1610 1142 1682 quinque
1154 1611 1246 1664 extulit.
1263 1611 1296 1664 Iu
1313 1609 1416 1680 aliquot

351 1685 415 1740 edit.
429 1707 567 1760 perperam
582 1701 778 1760 supposuerunt
792 1689 915 1751 literam,
932 1701 958 1742 et
973 1691 1013 1743 Ar
1030 1701 1166 1743 mutarunt
1184 1691 1212 1743 iu
1235 1692 1297 1743 Aut.
1321 1689 1417 1760 Neque

353 1767 425 1820 enim
438 1767 467 1821 id
483 1767 578 1821 toleret
589 1769 664 1821 filum
677 1769 817 1833 orationis,
828 1787 884 1820 nou
896 1768 1016 1822 siomnes
1028 1769 1303 1840 admittamusllgurcs.
1312 1767 1403 1822 Grtur.

394 1847 460 1910 384.
473 1848 589 1915 Deforme
600 1850 657 1900 solis
671 1852 758 1918 aspicis
772 1853 862 1900 truncis
874 1867 961 1902 nemen.
978 1849 1131 1902 Gronovius
1149 1849 1230 1902 refert
1246 1850 1273 1901 in
1287 1849 1416 1902 vetustio-

352 1927 427 1979 ribus
448 1927 515 1996 legi,
529 1946 556 1980 se
573 1947 627 1980 non
644 1929 791 1999 probante,
810 1949 820 1970 ι
838 1928 955 1993 Deforme
964 1930 1036 1996 foliis
1052 1932 1140 1998 aspicis
1159 1943 1190 1981 tr.
1204 1949 1228 1980 rt.
1252 1941 1305 1981 »et
1320 1927 1415 1981 addit:

356 2006 488 2078 «Lipsius
505 2008 608 2060 ntonnit
627 2027 642 2060 e
664 2007 739 2061 MSS.
761 2007 920 2078 legendum,
937 2011 994 2061 solis
1014 2013 1111 2062 truncis.
1134 2007 1204 2061 Vide
1227 2027 1306 2080 quum
1328 2020 1417 2078 gratos

353 2085 398 2138 hic
409 2087 508 2138 amicos
521 2099 647 2158 expertus
660 2088 712 2153 sit,
738 2087 809 2140 illius
820 2087 930 2158 quidem
949 2089 1020 2140 nullu
1035 2089 1162 2142 memorio
1175 2109 1180 2140 ε
1198 2089 1309 2160 Herbip.
1323 2101 1349 2140 et
1360 2089 1403 2139 Vc

354 2177 408 2218 net.
423 2177 449 2218 et
464 2166 549 2238 Lugd.
563 2168 700 2220 nominare
714 2167 816 2219 muluut
831 2189 836 2218 :
855 2168 904 2220 hos
926 2167 1026 2222 dedisse
1043 2169 1122 2221 solis:
1135 2169 1236 2239 primos
1257 2168 1418 2220 Busileenses

348 2245 429 2313 folia,
442 2243 501 2310 sed,
514 2247 604 2310 aiunt,
617 2266 673 2298 uon
687 2246 804 2318 Sibylla.
821 2248 901 2300 Putes
915 2247 997 2318 igitur
1010 2250 1124 2319 probare
1140 2249 1206 2299 solis.
1221 2249 1256 2299 At
1276 2247 1417 2318 explicatio

354 2338 484 2395 repugnat
495 2343 506 2377 .·
519 2325 622 2380 nudum
636 2345 730 2379 nemus
744 2325 888 2397 significari
898 2346 1010 2380 vacuum
1024 2327 1110 2393 loliis3
1131 2345 1217 2398 neque
1228 2327 1299 2378 euim
1312 2339 1417 2380 tentum

354 2423 409 2457 esse
420 2405 522 2458 brumes
537 2406 660 2474 rigorem,
675 2419 704 2457 ut
714 2425 800 2458 remos
813 2407 892 2458 etiam
907 2421 1015 2460 cunctos
1028 2405 1134 2476 dejiciet
1146 2428 1152 2458 :
1164 2417 1360 2459 comestantum
1370 2403 1418 2458 dc-

355 2483 448 2537 cidisse
464 2505 470 2535 :
487 2498 512 2538 et
525 2502 613 2536 comus
622 2485 689 2552 solia
703 2486 772 2546 solo,·
788 2486 875 2556 itaque
900 2486 1041 2558 legendum
1060 2485 1202 2557 aliquando
1218 2503 1246 2537 se
1265 2485 1416 2556 judicasse:

355 2587 366 2607 ι
382 2564 452 2616 foliis
471 2564 567 2634 aspicis
582 2578 730 2618 truncumr
747 2591 758 2612 ι
779 2583 870 2617 verum
885 2584 966 2636 quere
987 2567 1020 2618 nd
1044 2569 1221 2635 conjecturas,
1240 2583 1321 2635 quum
1343 2583 1419 2634 mque

355 2645 424 2696 bons
437 2661 495 2714 quet
506 2649 628 2696 exstent?
638 2643 701 2696 ileo
711 2645 818 2708 omnis,
829 2663 862 2696 ne
873 2644 938 2716 quid
949 2645 1061 2698 delretut
1072 2646 1166 2698 amico.
1174 2645 1209 2697 Et
1220 2658 1305 2696 tumen
1316 2645 1342 2695 in
1351 2663 1418 2697 con-

356 2737 429 2776 textu
446 2724 565 2775 fecerunt
579 2724 644 2776 solis.
662 2724 696 2776 Et
708 2725 746 2776 sic
764 2743 873 2794 qnoque
889 2725 1068 2776 Florentinus.
1086 2725 1180 2795 Neque
1201 2738 1253 2776 tum
1268 2725 1375 2776 acerbos
1389 2743 1418 2775 se

357 2806 469 2855 lectores
496 2802 649 2854 habiturum
676 2805 790 2872 speruvit
806 2815 904 2866 auctor,
922 2816 951 2855 ut
968 2805 1106 2875 parvulum
1127 2805 1295 2875 hyperbolen
1315 2803 1339 2855 ei
1361 2821 1418 2854 non

355 2879 552 2946 condonarent,
566 2894 592 2934 et
605 2883 667 2934 solos
683 2894 777 2934 truncos
791 2883 899 2952 prsecise
911 2883 1150 2952 interpretarentur
1167 2897 1276 2935 truncos
1291 2883 1348 2934 sine
1361 2883 1420 2934 ullo

356 2979 439 3014 mmo.
459 2960 530 3025 Quid
551 2961 687 3026 Lucanus,
715 2981 800 3031 quum
820 2961 856 3013 nit
880 2962 1103 3026 Plrars.1,140:
1122 2976 1242 3015 «trunco
1262 2981 1315 3014 non
1343 2963 1418 3014 frou·

345 3041 433 3106 ¹dibus
450 3041 532 3094 elficit
545 3042 666 3092 umbram
680 3066 690 3087 ι
702 3079 710 3104 ,
721 3060 754 3094 :tn
771 3041 901 3094 intellexit
912 3043 1014 3094 nullum
1025 3061 1129 3095 snuosre
1141 3043 1180 3094 illi
1194 3042 1303 3112 quercui
1313 3059 1418 3094 ramum

355 3125 511 3190 superesse?
888 3161 891 3170 .

397 3199 462 3268 389.
476 3200 602 3271 Materque
616 3200 713 3252 multum
727 3205 815 3270 rapuit.
831 3201 900 3264 Quis
914 3201 1032 3271 sequitur
1044 3205 1144 3272 eripuit,
1162 3201 1206 3254 lric
1217 3219 1341 3272 quoque,
1354 3218 1419 3252 cou-

355 3279 490 3332 cinuitstis
501 3281 602 3349 grstia,
616 3278 757 3349 legendum
770 3292 858 3332 censet
868 3281 946 3333 Both.
962 3307 973 3328 ι
987 3296 1123 3352 rnuterquc
1138 3281 1248 3334 multum
1264 3284 1357 3350 eripuit.
1370 3305 1383 3327 ι

397 3360 462 3427 39²·
477 3360 571 3412 Cessere
582 3361 659 3411 cultus
668 3363 770 3430 penitus.
786 3361 939 3411 Rectissime
952 3363 1018 3414 Dan.
1031 3361 1152 3414 Heinsius
1164 3380 1171 3412 :
1186 3362 1335 3412 sfumiliure
1344 3377 1420 3411 men·

356 3437 421 3491 dum
434 3451 485 3501 est,
500 3439 573 3509 qnod
583 3429 858 3508 obrepsitlvnlgutum
873 3435 978 3508 vultus).
993 3443 1139 3512 Scripserut
1153 3441 1222 3491 enim
1237 3451 1330 3492 auctor
1344 3457 1351 3490 :
1367 3458 1421 3490 ces-

355 3539 405 3569 sere
419 3519 495 3570 cultus
507 3523 612 3588 penitus.
626 3519 694 3569 Nanr
706 3518 758 3570 hoc
774 3519 845 3581 rult,
862 3518 951 3572 deesse
964 3519 1072 3591 quidem
1085 3521 1184 3573 cultum
1201 3521 1275 3584 lule,
1296 3529 1325 3570 ut
1337 3519 1421 3589 capti·

354 3617 407 3662 vet
420 3598 531 3650 formum
543 3612 630 3652 tnnten
644 3599 722 3650 etism
738 3599 793 3650 sine
804 3599 854 3650 isto
865 3599 990 3653 eminere.
1006 3626 1016 3647 ι
1035 3601 1121 3652 Boru.

399 3678 463 3746 399.
483 3679 573 3746 Qrtesus
593 3696 656 3728 mens
673 3678 801 3748 quidquam
821 3679 885 3730 deos.
908 3681 981 3732 Crux
1003 3681 1191 3750 interpretum,
1215 3696 1328 3749 quornm
1342 3695 1418 3729 cour·

357 3759 450 3810 mentis
464 3758 520 3810 hec
540 3755 638 3810 uddere
656 3757 721 3809 libet
739 3758 833 3811 Jacobi
853 3759 938 3810 Grou.
959 3760 986 3812 in
1006 3761 1110 3812 schedis
1128 3760 1212 3811 Dietz.
1230 3759 1305 3811 «lllS.
1326 3757 1419 3809 Flos:

357 3857 456 3908 querque
478 3857 540 3888 mens
556 3835 685 3908 quidquam
706 3837 762 3888 deos
783 3839 879 3892 Orabat
899 3839 968 3890 ullos.
986 3838 1066 3891 Unde
1083 3839 1215 3910 exsurgit:
1231 3837 1337 3906 (litando
1354 3855 1421 3888 urens

355 3939 379 3986 q.
389 3919 445 3968 deos
461 3917 492 3968 0.
507 3923 554 3966 n?
571 3915 678 3968 Femina
691 3920 805 3986 superbe
819 3935 936 3972 errorem
949 3931 976 3970 et
989 3918 1093 3989 culpam
1105 3917 1217 3989 neglecti
1231 3916 1350 3969 numinis
1367 3935 1420 3986 pro

352 3999 451 4050 virtute
463 4015 493 4047 ae
503 3993 580 4047 laude
589 3995 676 4048 lubet.
687 3997 759 4050 lusrn
778 3999 848 4059 1843
863 4015 869 4050 :
884 4023 894 4044 ι
909 3998 981 4048 Nihil
994 4016 1069 4066 egon
1084 3999 1192 4067 Superis
1203 3997 1267 4066 petii
1282 3995 1421 4047 Incolume

354 4089 433 4129 neto·
443 4075 616 4128 aitlllrmcne.
628 4076 735 4146 Thyest.
748 4081 803 4132 888
815 4096 820 4128 :
833 4075 1089 4146 uDimittoSrtperos.·
1101 4079 1179 4129 Conl.
1192 4077 1269 4128 llerc.
1278 4075 1340 4128 Fur.
1350 4078 1416 4143 ⁵¹9·

353 4159 421 4210 Mens
437 4173 486 4225 pro
500 4155 570 4206 Mens
583 4175 643 4207 irruo.
655 4157 765 4227 'l'hycst.
780 4157 833 4226 957
846 4177 853 4221 ς
868 4157 945 4210 llere.
959 4157 1020 4210 Fur.
1043 4158 1109 4219 651.
1129 4157 1218 4220 ¹¹l53
1232 4155 1313 4226 llipp.
1332 4173 1414 4223 179.»
