3130 5118
392 531 458 602 sall
614 525 1222 598 lllllTATIONESGALLICAE.

385 659 421 725 in
448 651 600 750 pluribus
625 652 732 721 scenis
766 675 863 721 voces
890 650 1100 746 reperiantur
1131 647 1302 735 obsolem,
1334 647 1454 720 desunt

384 795 498 841 versus
516 768 598 838 adeo
619 767 916 855 commendabiles,
946 783 982 836 ut
996 784 1141 865 pcrtrem
1162 791 1258 836 suum
1280 766 1372 836 huuc
1392 792 1454 835 vo·

383 885 505 957 caverit
525 908 665 977 magnus
684 881 738 950 ille
759 885 976 966 Genusum,
994 884 1048 951 cui
1068 897 1226 975 tanquam
1244 881 1404 976 magistro
1422 896 1455 950 et

384 1000 462 1069 duci
489 998 742 1068 venerabundus
771 999 841 1091 ipse
867 999 1020 1078 Retron,
1051 1011 1084 1063 et
1102 1019 1222 1064 omues
1241 1011 1347 1090 poetae
1368 1021 1453 1065 coae·

382 1116 472 1186 tanei
492 1113 581 1182 ultro
599 1137 729 1207 semper
750 1135 969 1180 assurrexere.
994 1113 1084 1205 Ergo
1107 1110 1207 1179 habet
1227 1110 1313 1179 infra
1333 1115 1455 1182 Lector

384 1247 454 1301 tum
477 1227 724 1323 praeclarissima
743 1228 913 1321 scriptoris
941 1223 1062 1296 Gallici
1086 1225 1176 1311 loca,
1205 1240 1276 1295 tum
1304 1225 1455 1318 ejusdem

381 1345 540 1414 dramatis
567 1342 736 1437 exegesin,
770 1356 972 1435 spectantem
1008 1342 1042 1408 in
1076 1340 1193 1436 primis
1220 1339 1262 1409 ad
1291 1339 1456 1410 notandas

382 1460 558 1553 utriusque
577 1471 681 1552 poetae
702 1448 998 1524 dissimilitudines

430 1573 561 1644 Nostris
583 1571 807 1664 temporibus,
836 1571 886 1637 vir
911 1594 998 1639 rinus
1023 1570 1221 1638 Rosciorum
1236 1571 1454 1665 AEsoporum·

381 1714 446 1783 que
460 1712 531 1757 nou
546 1686 720 1754 obscurior
738 1683 939 1778 discipulum
955 1689 992 1756 C.
1006 1681 1169 1779 Lusoud‚
1186 1683 1266 1753 dum
1280 1701 1366 1754 esset
1389 1685 1457 1754 fere

381 1801 668 1884 adolescentulus,
683 1799 873 1869 exercendae
888 1815 1001 1895 postea
1030 1801 1094 1868 arti
1110 1800 1245 1870 scenicae
1262 1799 1458 1896 praeluserat

382 1917 561 1990 scribendo
594 1915 788 2009 tragoediam
818 1915 859 1984 de
887 1915 1004 1984 codem
1032 1929 1249 2010 argumento,
1278 1919 1336 1986 La
1363 1931 1459 1984 mort

381 2031 593 2116 d’Herculc‚
629 2031 664 2098 in
690 2055 756 2124 qua
777 2031 840 2098 sibi
863 2031 957 2098 Nessi
979 2046 1089 2124 partes
1108 2029 1343 2100 declamandas
1363 2045 1458 2099 actor

381 2147 588 2218 attribuerat.
612 2147 688 2215 Non
709 2160 757 2213 est
779 2171 840 2214 cur
864 2143 1048 2239 longiorem
1072 2144 1229 2213 faciemus
1249 2144 1457 2214 mentionem

381 2264 422 2333 de
448 2287 488 2332 eo
516 2286 634 2356 opere,
668 2261 759 2353 quod
786 2262 872 2328 iuter
899 2260 1078 2352 juvenilia,
1104 2274 1142 2327 ut
1171 2261 1288 2347 aiunt,
1321 2273 1458 2354 peccata

379 2377 549 2448 modestus
563 2389 679 2444 auctor
697 2377 767 2469 ipse
789 2372 967 2469 relegavit;
985 2375 1063 2468 quia
1081 2372 1210 2443 laudem
1229 2373 1340 2444 multo
1361 2399 1458 2469 supe-

381 2495 502 2561 riorem
514 2487 576 2559 alia
587 2516 627 2559 ex
637 2505 730 2584 parte
743 2490 805 2558 sibi
820 2490 1027 2584 comparavit
1038 2490 1088 2557 vir
1102 2486 1169 2574 ille,
1180 2490 1233 2558 cui
1244 2491 1335 2560 inter
1347 2515 1459 2586 aequm

380 2631 438 2676 vos
452 2604 619 2675 comoedos
634 2605 795 2698 contigit,
811 2618 846 2671 ut
864 2619 978 2672 nostro
993 2602 1117 2672 Talmae
1137 2603 1163 2672 si
1181 2629 1248 2672 non
1267 2630 1408 2699 aequus,
1426 2620 1458 2672 at

381 2731 469 2784 certe
492 2714 680 2807 proximus,
708 2737 767 2781 nec
789 2711 932 2807 longiori
956 2712 1146 2796 intervallo,
1172 2714 1355 2784 incederet.

427 2830 542 2918 Quum
579 2841 690 2895 autem
722 2825 892 2895 nonnullae
925 2841 1056 2896 exstent
1092 2829 1297 2898 imitationes
1332 2826 1460 2926 gallicae

379 2967 470 3037 quse,
485 2939 562 3010 licet
582 2939 623 3008 ad
644 2940 812 3038 tragoediae
832 2966 1004 3036 scenaeque
1023 2942 1159 3012 modum
1182 2968 1250 3012 non
1274 2969 1461 3015 accommo

380 3059 479 3143 datae,
502 3057 545 3126 ad
567 3055 746 3125 Herculem
765 3059 924 3127 OEtaeum
948 3074 1116 3153 spectant,
1135 3058 1264 3153 placuit
1282 3062 1319 3128 in
1341 3060 1461 3155 primis

380 3172 467 3242 inter
490 3197 544 3242 eas
567 3171 724 3267 seligere,
757 3186 830 3241 tum
851 3173 1014 3268 insignem
1033 3174 1074 3242 de
1097 3173 1251 3244 Herculis
1271 3190 1386 3244 morte
1410 3173 1460 3242 lo·

380 3311 477 3374 curn,
502 3312 543 3356 ex
567 3301 715 3356 nostrate
734 3289 919 3373 Facilior,
938 3289 1100 3383 scriptore
1120 3293 1337 3377 HorrenrcO,
1365 3281 1462 3360 Te'le·
1547 3303 1548 3308 ’

377 3427 521 3498 meque,
536 3399 677 3488 lib.X'V;
693 3417 764 3470 tum
776 3426 893 3495 poema
904 3403 1072 3498 quoddam
1089 3405 1266 3487 recentius,
1282 3406 1461 3498 cognitum

379 3517 492 3584 minus
505 3539 605 3609 quam
624 3516 909 3608 cognoscendum,
928 3534 1064 3587 auctore
1080 3519 1116 3587 C.
1131 3515 1353 3588 Theveneau
1362 3574 1374 3606 ,
1387 3522 1461 3589 viro

379 3641 518 3723 propter
538 3625 703 3721 popinalis
725 3629 800 3696 vitae
821 3653 943 3723 genus,
972 3630 1140 3700 doctrinas
1160 3645 1192 3699 et
1211 3647 1357 3701 oestrum
1384 3656 1463 3702 vere

330 3726 335 3735 ’
378 3744 549 3837 poeticum
562 3741 722 3837 singulari
732 3744 1286 3838 ‚cuiqueEuclidisetArchimedis
1301 3750 1463 3818 scientias

378 3871 450 3928 tam
467 3853 606 3926 feliciter
620 3881 720 3952 quam
742 3859 929 3952 Apollineas
946 3874 1033 3956 artes
1048 3857 1159 3930 lovere
1175 3861 1412 3958 contingebat.

772 4073 790 4078 -
813 4059 1055 4088 ...ομ-μ..
