3220 5128
352 480 420 562 230
551 483 847 553 inseruere
869 485 908 572 o.
936 487 974 560 a.
1001 483 1205 572 suuuca

729 683 1030 780 CHORUS.

492 893 577 981 Quae
598 888 685 957 fama
701 885 802 956 modo
820 891 911 957 veuit
927 887 970 957 ad
989 912 1102 974 aures,

382 1011 386 1018 '
494 1001 632 1073 Utinam
652 997 735 1066 falso
752 997 893 1086 credita,
911 997 1027 1092 perdat

492 1115 631 1181 Frustra
653 1108 750 1177 toties
762 1107 887 1200 jactata
908 1105 1026 1178 fidem!

491 1221 564 1290 Nec
578 1239 666 1286 nova
684 1216 788 1285 nostri
808 1216 933 1312 conjux
950 1213 1113 1286 thalamos

495 1327 660 1430 Principis
680 1327 798 1412 intret;
818 1341 994 1421 teneatque
1012 1351 1089 1396 suos

492 1441 606 1532 Nupta
626 1451 762 1532 penates
779 1434 918 1505 Claudia
937 1433 1071 1530 proles:

364 1531 386 1564 ²⁴
492 1549 579 1618 Edat
599 1561 698 1641 partu
716 1547 856 1644 pignora
876 1548 981 1640 pacis,

494 1660 572 1747 Qua
592 1655 793 1751 tranquillus
811 1652 953 1749 gaudeat
970 1655 1076 1740 orbis,

495 1770 675 1861 servetque
697 1765 797 1835 decus
815 1769 922 1835 Roma
941 1780 1112 1836 aeternum.

493 1877 620 1948 Fratris
639 1875 802 1945 thalamos
823 1876 940 1945 sortita
958 1890 1049 1946 tenet

495 1985 642 2057 Maxima
659 1988 775 2055 Juno:
798 2010 893 2054 soror
913 1988 1056 2082 Augusti

496 2096 628 2165 Sociata
647 2096 746 2179 toris,
763 2118 823 2164 cur
841 2118 861 2162 a
882 2096 988 2188 patria

498 2203 638 2275 Pellitur
654 2203 755 2274 aula?
775 2218 890 2274 sancta
907 2205 989 2298 quid
1008 2201 1056 2274 illi

498 2315 636 2385 Prodest
657 2315 777 2409 pietas,
799 2314 973 2408 Divosque
994 2317 1112 2410 pater?

495 2425 588 2518 Quid
604 2425 794 2520 virginitas,
812 2439 986 2522 castusque
1004 2425 1137 2525 pudor?

392 2603 449 2654 Aet.
462 2599 495 2666 ¹1,
516 2617 553 2650 ac.
567 2615 607 2651 ιν.
621 2597 744 2670 Poppaeo
756 2597 862 2670 nuptiae
948 2597 1015 2654 283.
1031 2599 1150 2670 Augusti.
1166 2597 1281 2652 Neronia
1294 2599 1392 2670 imper.

352 2675 496 2736 detestatur
506 2679 613 2742 chorus,
626 2677 745 2730 Octavia
755 2677 860 2734 favens:
948 2679 1009 2732 286.
1019 2679 1150 2757 Divosque.
1162 2677 1288 2736 Claudius
1296 2696 1328 2732 ex
1339 2697 1415 2732 more

352 2755 524 2832 degenerem,
544 2756 643 2809 lentam
662 2756 741 2810 nimis
761 2769 788 2812 et
808 2773 862 2808 aer·
905 2758 982 2810 Rom.
996 2757 1351 2834 imperatoruminDeoruro
1361 2776 1414 2817 nu·

268 2861 272 2868 s
351 2838 432 2889 vilem
450 2835 631 2894 Romanorum
653 2837 739 2908 arguit
759 2835 862 2906 patien-
906 2855 1008 2890 merum
1020 2837 1127 2904 relatus,
1135 2855 1215 2910 quem
1224 2850 1311 2890 tamen
1320 2855 1414 2892 rursus

352 2917 434 2980 tiam,
454 2925 482 2970 et
507 2915 535 2968 in
566 2913 661 2970 scelera
686 2913 798 2970 Neroni·
821 2914 861 2966 in·
905 2913 1191 2972 detrusumadinieroa
1202 2915 1414 2994 jocaturSeneoa

354 2995 470 3052 vehitur.
734 3001 735 3009 ’
905 2993 933 3048 in
945 2996 1187 3068 Apocoloeyntosi.

395 3065 859 3146 273.Qooesana.ssafanuqnn‚etc.
946 3077 1011 3145 287.
1034 3077 1104 3145 Quid
1125 3078 1265 3146 virginitas.
1284 3073 1415 3155 Apuleius

351 3151 457 3208 Sollic'et
469 3153 568 3208 Neroni
577 3149 730 3224 ,repudiata
740 3149 861 3218 Octavia,
904 3153 1017 3228 Apolog.
1029 3154 1154 3208 laudante
1167 3155 1251 3209 Gron.
1267 3155 1348 3225 «Ipsa
1362 3155 1417 3208 rir-

352 3247 497 3312 nupturam
512 3251 567 3287 esee
578 3231 730 3304 Poppaeam.
903 3231 1022 3309 ginitatis
1035 3233 1231 3290 commendatio
1244 3236 1305 3306 jure
1317 3234 1415 3290 merito

396 3321 452 3386 ²7⁴
474 3332 513 3386 aq.
537 3311 631 3364 Perdat
642 3311 728 3386 fidem.
750 3311 861 3365 Utinam
903 3314 1028 3370 omnibus
1042 3313 1142 3368 maritis
1158 3314 1337 3388 acceptissima
1356 3327 1415 3368 eet:

356 3411 412 3447 non
426 3409 488 3446 vera
507 3391 541 3445 eit
561 3393 631 3446 sarna
647 3410 705 3462 qun
721 3391 816 3458 venit,
834 3403 861 3444 et
904 3411 966 3446 narn
979 3391 1161 3466 quodcunque
1180 3391 1253 3447 aliud
1272 3393 1301 3446 in
1321 3390 1415 3446 dotem

354 3490 436 3546 quam
449 3473 527 3526 toties
542 3471 697 3542 agnovimus
710 3490 760 3544 pro
774 3470 847 3525 lalea.
903 3473 1037 3544 accepisti,
1046 3485 1134 3544 poten,
1144 3492 1227 3545 quum
1236 3473 1323 3539 libuit,
1333 3491 1368 3526 ne
1378 3473 1415 3526 ais

394 3569 460 3626 ²77¹
487 3551 637 3622 Teneatque,
670 3561 720 3602 etc.
754 3549 860 3604 Maneat
903 3551 1203 3620 beneflcioobstrictue‚
1217 3570 1313 3618 omne,
1330 3564 1415 3608 utac-

355 3629 458 3686 Neroni
473 3631 580 3700 juncta,
592 3629 636 3685 cui
647 3628 735 3705 pariat
746 3628 859 3687 liberos.
903 3649 1026 3704 ceperas,
1042 3631 1205 3685 retribueres
1217 3631 1358 3708 pecuniam
1368 3649 1414 3686 re·

355 3709 453 3765 amoris
478 3707 565 3761 mntni
585 3708 696 3779 pignora
718 3723 745 3766 et
764 3709 861 3782 quietae
903 3705 1059 3776 numerare,
1093 3711 1224 3783 mancipia
1254 3711 1414 3776 restituere,

354 3786 685 3841 successionis-Claudia
690 3789 778 3860 proles.
785 3789 863 3848 Oeta·
903 3787 987 3844 domo
998 3789 1146 3862 demigrare
1157 3831 1164 3854 ‚
1176 3788 1285 3864 praediis
1296 3787 1408 3851 cedem

355 3868 399 3921 via
412 3865 517 3922 Claudii
528 3865 592 3920 lilia.
903 3869 960 3922 sola
973 3869 1109 3942 virginitas
1128 3869 1205 3924 reddi
1225 3869 1334 3942 nequit,
1357 3869 1416 3926 sola

396 3951 461 4003 280.
484 3947 548 4016 Quo.
564 3947 603 4000 Ut
614 3965 662 4017 per
675 3965 732 4002 earn
748 3965 847 4018 pacem.
903 3947 974 4020 apud
988 3948 1113 4002 maritum
1132 3969 1165 4003 ex
1184 3950 1264 4003 rebus
1276 3947 1414 4003 dotalibus

395 4029 460 4082 281.
474 4027 564 4080 Decus.
577 4026 696 4098 Imperii.
907 4040 1050 4098 permanet.
1062 4055 1072 4076 ι
1089 4028 1155 4082 vtd.
1172 4029 1280 4098 insuper
1290 4027 1325 4082 ad
1338 4029 1414 4084 hunc

395 4099 859 4178 282.Fratuesoviasupss.216.
905 4109 994 4162 loourn
1006 4106 1350 4180 Animadv.ini.pag.3oo.
1445 4160 1450 4167 ,
