3220 5128
417 528 932 600 ANIMADVERSIONES.
1137 531 1206 604 203

151 687 162 708 ι
177 659 303 732 Nullique
317 659 422 728 priscus
441 658 545 730 profuit
558 658 619 712 luco
636 658 717 712 Deus.
734 683 744 706 ι
769 659 821 712 Cui
834 658 934 712 scilieet
945 657 1011 712 olim
1024 657 1126 714 dicatus
1141 677 1207 716 erat.

187 741 271 794 1638.
285 741 425 810 Aegtutum
438 757 531 808 rogum.
545 738 617 790 Flos.
632 763 644 786 ι
653 751 763 810 auguste
775 757 881 809 rogum.
893 764 905 787 s

188 819 272 890 1639.
296 819 406 892 Raptum
414 819 531 890 flammas
547 823 630 888 pibus.
646 819 786 872 Heinsius:
799 819 875 888 Rupit
892 819 943 870 aua
950 819 1066 889 flammas
1077 823 1166 891 pinuae
1181 836 1207 877 et

148 897 253 952 sdnotst
265 917 272 950 :
286 921 297 943 ι
306 898 399 952 Itane?
414 901 468 969 jam
487 897 606 950 flammas
617 898 688 967 rapit
700 899 779 970 pinus
793 896 914 950 nondum
927 917 1037 952 accenso
1049 901 1136 970 rogo?
1157 903 1207 955 Ao·

146 976 272 1034 senderur
284 978 355 1032 enim
369 976 475 1030 demum
487 995 569 1050 rogus
580 976 725 1030 llerculeus
734 996 812 1030 versu
826 978 859 1030 ab
872 977 937 1032 bino
951 979 1096 1032 centesimo
1107 981 1208 1045 imme,

146 1078 183 1110 vs.
199 1077 284 1128 1727,
299 1057 345 1110 ubi
355 1057 532 1120 Philoctetes,
545 1069 655 1108 tremente
662 1061 746 1128 pinum
755 1057 853 1109 dextera
865 1058 987 1110 αααεααεαι
998 1060 1087 1129 impuli.
1100 1059 1210 1114 Adeone

146 1137 186 1190 soi
200 1136 299 1190 oblitus
311 1151 348 1190 est
359 1137 447 1190 bonus
463 1137 641 1190 Philoctetes?
651 1136 763 1190 Adeone
775 1136 931 1192 dormitavit
939 1139 1057 1208 optimus
1067 1139 1210 1193 Aoneust

147 1215 370 1290 Haudquaquam,
383 1215 486 1270 medius
497 1215 593 1281 fidius,
610 1215 637 1267 id
653 1215 822 1270 crediderim.
835 1219 866 1269 In
877 1217 949 1270 Flor.
963 1219 1082 1289 Rapiture
1092 1220 1209 1290 flauam

145 1301 222 1365 pilius.
236 1294 413 1349 Scribendum
429 1295 568 1358 videlicet,
581 1297 809 1367 Rapturastommes
818 1299 899 1366 pictus.

187 1377 272 1438 1643.
286 1375 387 1428 Pectore
399 1379 509 1446 immergit
519 1376 565 1427 leo.
577 1375 652 1429 MSS.
666 1375 750 1440 8035,
763 1376 855 1440 8036,
868 1376 940 1430 8032
958 1389 985 1429 et
1000 1375 1073 1431 8033
1083 1416 1091 1442 ,
1103 1381 1207 1447 pectoris

149 1454 260 1524 adjungit
278 1455 322 1508 leo.

188 1537 269 1605 1647.
289 1535 412 1586 lustravit
433 1554 532 1588 omnem.
556 1535 678 1608 Plerique
700 1533 775 1588 MSS.
797 1535 867 1589 lustr.
888 1555 983 1597 omues,
1014 1535 1123 1606 quidam
1143 1556 1207 1589 aero

148 1614 256 1666 lustravit
269 1619 360 1676 omniu
373 1613 416 1667 bic
429 1626 516 1667 autem
533 1613 621 1668 lorsan
635 1618 709 1666 omnis
719 1633 769 1685 pro
779 1634 867 1666 omneis
877 1612 1046 1668 sumendum.

185 1695 269 1757 1648.
280 1694 425 1764 Areumqus.
434 1693 550 1748 Florent.
564 1695 659 1747 frustra
671 1694 811 1766 arcus,qui
825 1713 873 1748 nee
885 1696 960 1766 juvet
973 1707 1100 1766 sequente
1113 1713 1206 1760 versu,

147 1771 193 1824 ubi
206 1773 285 1826 babet
294 1773 357 1826 done
368 1785 498 1838 sessurus,
513 1774 590 1844 plane
607 1787 637 1827 ut
651 1773 728 1827 Ferri.
740 1787 767 1826 et
774 1773 829 1827 Cai.
841 1793 901 1828 nam
914 1776 1000 1828 ceteri
1014 1775 1076 1827 libri
1086 1775 1208 1846 ignorant

146 1853 369 1923 conjunctionem.
391 1852 443 1908 Sed
456 1871 516 1925 quae
532 1843 683 1922 (mstsmt)
695 1867 734 1908 eat
753 1855 810 1908 hec
827 1854 992 1918 ταυταλεξῖαὲ
1011 1854 1124 1925 Aliquid
1137 1855 1208 1908 inlo-

144 1945 242 1984 scatum
256 1933 380 1998 arbitror,
392 1951 443 1986 nee
454 1933 539 1986 nolim
552 1933 604 2004 legi
616 1955 621 1984 :
970 1931 974 1938 '

426 2099 431 2111 .
442 2100 447 2111 .
458 2099 478 2110 ..
493 2066 579 2127 Accipe
591 2066 667 2118 bunc,
685 2065 778 2127 inquit,
797 2075 846 2112 sate

421 2141 527 2193 l‘oeaute,
543 2139 642 2194 clerum,
659 2149 682 2186 et
700 2155 786 2185 munus
805 2140 891 2185 Alcidae
907 2155 971 2201 cape.

146 2251 288 2323 sepissime
304 2253 330 2304 cl
341 2252 369 2306 in
380 2253 400 2306 d
409 2265 553 2318 mutatum
570 2273 585 2304 u
597 2271 703 2324 quoque
719 2265 746 2306 et
761 2273 791 2317 a,
809 2253 927 2324 itemque
942 2273 956 2304 r
975 2265 1001 2306 et
1018 2273 1036 2305 ra
1053 2253 1137 2307 litero
1151 2273 1210 2323 per-

146 2351 221 2402 quam
232 2332 333 2384 similes
348 2332 375 2384 io
390 2332 505 2402 scriptio
520 2330 587 2384 Inde
602 2334 637 2385 de
654 2331 844 2403 probabilitate
858 2334 937 2404 hujus
952 2335 1111 2402 conjecturae
1123 2335 1210 2388 existi·

41 2457 42 2480 ,
146 2411 210 2464 mari
223 2423 318 2480 potest.
329 2411 418 2464 Possis
432 2413 530 2464 etiam:
553 2413 698 2476 «Possme5
718 2412 819 2464 olorum
837 2431 934 2466 munus
944 2411 1045 2466 Alcide
1063 2431 1138 2487 eope,
1154 2438 1166 2462 ι
1182 2427 1208 2466 et

41 2499 43 2524 l
145 2491 194 2544 boo
206 2491 308 2544 malim.
323 2491 408 2545 Boru.

186 2571 272 2625 1652.
289 2571 386 2623 Virtute
393 2571 459 2638 selis
466 2573 570 2642 juvenis,
583 2571 606 2622 lt.
625 2589 697 2640 uuuq.
712 2573 803 2624 irritos.
815 2569 935 2624 Gronov.
948 2571 1046 2623 Virtute
1051 2571 1118 2639 selis
1131 2591 1141 2626 .·
1163 2573 1207 2624 lies

146 2654 214 2704 caira.
238 2650 351 2706 «Facile
367 2648 544 2718 crediderim,
558 2650 610 2714 ait,
626 2651 691 2704 Psll.
706 2669 799 2704 omnes
810 2667 914 2702 servam
926 2653 1026 2721 pejora.
1046 2653 1103 2722 Ego
1120 2663 1207 2705 autem

42 2747 43 2758 ¹
147 2731 229 2783 multo
242 2730 390 2783 minosbic
405 2730 513 2802 requiro
527 2733 747 2795 aristomachum,
767 2749 848 2801 quam
870 2730 1002 2784 Gruterus
1021 2749 1075 2784 non
1095 2731 1208 2802 requirit

42 2811 43 2850 l
145 2809 319 2881 lipsienum:
337 2811 436 2862 Virtute
446 2811 512 2876 felix
522 2813 632 2880 juvenis,
651 2810 694 2861 luu
709 2829 734 2862 α.
753 2813 797 2862 irr.
816 2809 897 2875 Quod
912 2811 1054 2864 oonlirmst
1067 2810 1139 2864 Flor.
1157 2812 1207 2864 uisi

42 2877 44 2942 l
146 2888 217 2961 quod
229 2893 347 2954 uictrice,
366 2902 393 2942 et
404 2889 539 2960 sequenti,
551 2893 576 2942 in
591 2890 687 2945 bostem.
702 2890 776 2943 Dicit
793 2902 880 2942 sutem
895 2893 986 2942 uirtute
997 2891 1094 2958 salicem
1106 2889 1209 2944 Stoico·

145 2987 201 3024 rum
214 2987 304 3033 more,
313 2968 360 3040 qui
372 2968 478 3022 fortuna
491 2988 546 3022 nou
560 2969 611 3022 tuit
621 2969 685 3024 felix
695 2972 736 3024 vel
748 2971 783 3023 ob
794 2969 934 3022 Lemnium
944 2970 1053 3024 malurn,
1064 2995 1076 3018 s

188 3048 277 3102 1655.
288 3050 326 3101 Et
342 3061 408 3101 certo
420 3049 513 3118 proedoe
530 3049 577 3101 tela
591 3049 621 3100 de
633 3050 786 3120 coeloflueut.
800 3048 877 3102 MSS.
894 3049 1017 3120 quidum,
1034 3074 1045 3096 ι
1058 3049 1092 3100 Et
1106 3066 1128 3100 o.
1139 3065 1208 3119 prte-

147 3125 205 3181 dam
220 3141 239 3182 t.
253 3126 283 3182 d.
295 3147 319 3180 e.
332 3129 427 3182 ferent.
438 3153 449 3175 ι
467 3128 534 3189 etii,
560 3130 618 3182 ·Et
633 3142 731 3182 certam
748 3127 863 3199 predum
878 3141 896 3181 t.
913 3127 947 3181 de
958 3147 981 3180 c.
994 3128 1089 3180 serent.
1101 3151 1112 3173 ι

187 3212 273 3263 1662.
301 3207 352 3260 Per
374 3211 449 3277 ignee
477 3207 520 3261 Sic
545 3208 715 3261 Florentinus
740 3221 767 3262 et
793 3221 846 3261 tres
871 3207 929 3270 alii,
953 3207 1050 3259 merito
1077 3206 1208 3278 probante

146 3287 263 3353 Botbeo,
277 3305 361 3358 quum
375 3299 488 3357 qustuor
505 3288 585 3341 onius
601 3307 693 3341 versus
705 3288 834 3341 vocabula
849 3305 872 3338 m
886 3286 962 3339 litere
975 3285 1113 3338 finiantur.
1127 3285 1210 3340 Hein-

145 3368 199 3420 sius
213 3367 329 3422 malebat
338 3370 477 3438 peringens.
489 3371 524 3420 At
542 3365 700 3438 magnitudo
715 3368 795 3420 clave
811 3366 872 3420 sotis
885 3365 1041 3436 intelligitur
1056 3384 1088 3418 ex
1099 3365 1207 3418 verbis:

146 3447 211 3500 mua
225 3467 293 3520 quem
305 3451 384 3520 sapiet
394 3465 486 3499 mnus.
505 3449 554 3499 Per
567 3451 634 3516 ignes
644 3445 759 3518 explico,
771 3445 836 3500 dum
850 3463 923 3498 uror.
938 3445 1078 3511 Lucanus,
1091 3444 1133 3509 11,
1149 3445 1203 3498 ⁵6:

150 3551 200 3583 ι...
217 3525 329 3598 perdere
350 3543 449 3580 nomen
469 3524 496 3578 Si
516 3527 602 3598 placet
620 3525 796 3599 Hesperium,
822 3525 933 3597 Superi,
953 3525 1063 3578 collatus
1085 3524 1114 3578 in
1134 3525 1210 3596 ignes

145 3607 278 3660 Plurimos
293 3604 326 3659 ad
341 3617 439 3660 terram
451 3626 495 3677 per
504 3607 612 3674 frausino
623 3603 731 3658 decidat
741 3606 831 3658 ether.
840 3630 852 3653 ι
868 3604 922 3657 Ubi
936 3605 1027 3658 Borm.
1038 3602 1109 3658 vide.

186 3691 267 3757 1670.
284 3687 375 3739 Vestes
392 3685 464 3738 ubera
480 3689 505 3738 in
516 3687 629 3755 planctus
636 3687 708 3752 firit.
725 3684 844 3738 Gronov.
868 3683 961 3736 sFlor·
977 3695 1049 3736 uasto
1066 3678 1164 3736 uerbere
1182 3685 1208 3734 ira

142 3767 251 3836 plauctus
258 3766 334 3834 furit.
352 3765 406 3820 Sed
422 3766 509 3819 statim
527 3779 606 3820 ante:
622 3769 648 3818 iu
667 3765 755 3818 luctum
768 3765 864 3832 furens.
878 3762 994 3818 Videtur
1005 3764 1133 3818 alterutro
1148 3761 1208 3814 loco

145 3845 223 3899 fuisse
241 3847 297 3899 sive
320 3865 402 3906 ruens,
424 3845 478 3898 sive
499 3848 556 3897 ruit.
569 3869 581 3892 »
609 3844 700 3898 Octsv.
725 3862 764 3897 rs.
788 3843 870 3908 364:
902 3844 989 3898 .1tuit
1001 3843 1029 3896 io
1044 3843 1144 3898 misere
1157 3841 1210 3894 sats

227 3939 293 3980 ω..

145 3943 269 4075 lmintiya.
289 4004 356 4058 Voce
365 4004 483 4071 feminea.
500 4004 623 4058 Heinsius
635 4003 749 4056 malebat
756 4003 870 4071 funerea,
887 4001 938 4057 Sed
954 4005 1057 4066 sentires
1069 4013 1109 4055 est
1123 4001 1206 4068 impu·

146 4085 230 4151 tiens,
251 4097 278 4138 et
291 4084 416 4154 sieVirg.
429 4087 490 4136 AEn.
500 4084 554 4149 Xl,
567 4085 623 4153 878
636 4102 643 4134 z
664 4109 676 4130 .
730 4101 860 4156 percusse
879 4095 986 4152 pectoro
1005 4094 1116 4145 matres,
1129 4078 1210 4130 Ferus·

146 4183 212 4218 rreum
220 4165 365 4219 clamorem
377 4163 410 4216 ad
422 4163 475 4217 celi
492 4161 578 4217 sidero
592 4163 718 4216 tollunt·
733 4162 787 4215 Ubi
801 4161 922 4215 Servium
931 4159 1001 4216 vide.
