3130 5108
297 482 583 552 usncuuus
609 483 822 553 onrnus.
851 487 957 556 scr.
986 489 1037 556 11.
1158 511 1199 584 t9

174 605 278 676 Haesit
297 629 502 700 parumper:
526 619 596 673 tum
616 631 675 701 per
694 605 877 678 Herculeos
899 607 983 678 lares
1161 633 1198 680 ιο

174 715 365 809 Lymphato
388 715 535 808 rapitur,
555 730 623 784 tots
642 717 696 783 vix
717 718 795 786 sutis
813 731 860 785 est
883 716 1012 786 domus.

178 827 348 911 incurrit,
367 839 473 911 errat,
493 827 579 894 sistit
598 853 605 893 :
626 827 659 894 iu
680 826 791 896 vultus
813 825 909 896 dolor

175 935 343 1004 Processit
363 935 472 1003 omnis
488 961 496 1004 ε
514 938 641 1029 pectori
660 959 754 1030 paene
774 938 892 1005 intimo

174 1043 268 1114 Nihil
290 1061 340 1113 est
360 1044 512 1114 relictum
528 1073 535 1115 :
554 1046 651 1116 fletus
670 1047 859 1140 insequitur
877 1048 993 1118 minas.

173 1156 249 1222 Nec
269 1179 355 1223 unus
372 1155 506 1224 habitus
529 1155 645 1240 durat,
666 1173 724 1226 aut
744 1183 812 1225 uno
831 1157 913 1226 furit

176 1269 346 1334 Contenta
368 1263 485 1334 vultu:
511 1291 603 1338 nunc
625 1266 840 1335 inardescunt
861 1291 972 1361 genae,

176 1371 291 1442 Pallor
312 1374 468 1444 ruborem
486 1373 599 1468 pellit,
619 1391 653 1444 ct
669 1377 793 1445 formas
809 1375 906 1446 dolor

177 1488 279 1552 Errat
297 1509 358 1577 per
376 1509 492 1552 omncs
514 1511 521 1551 :
544 1488 712 1579 queritur,
729 1484 905 1580 implorat,
925 1487 1039 1579 gemit.

176 1597 328 1664 Sonuere
347 1607 479 1687 postes:
499 1617 594 1681 cccc,
612 1595 773 1688 praecipiti
794 1593 919 1689 gradu,

175 1707 311 1774 Secreta
329 1704 450 1772 mentis
468 1727 525 1772 one
543 1705 683 1776 confuso
701 1706 831 1776 exserit.
1159 1728 1195 1768 οε

129 1903 212 1955 littus
222 1899 258 1954 sd
269 1913 403 1972 aspectum
413 1901 539 1974 nympha
548 1899 644 1967 nudo,
685 1901 741 1956 huc
757 1898 932 1956 adumbratio.
943 1931 976 1943 -
985 1899 1065 1952 Dolor
1068 1907 1194 1972 promsit.

129 1981 312 2035 ctvocsbatur
323 1981 483 2050 νυμοοληψίοι·
497 1980 543 2051 qui
554 1993 640 2032 sutem
685 1979 781 2033 Seneca
796 1978 829 2032 de
845 1979 901 2044 Irs,
915 1980 944 2044 I,
961 1997 972 2030 1
987 1997 994 2032 :
1013 2005 1024 2026 ι
1036 1979 1074 2032 irs
1090 1999 1117 2033 se
1133 1999 1195 2054 pro·

129 2079 160 2114 eo
171 2061 505 2130 tuborsbaiaupsotsms·
518 2077 573 2130 quo
582 2059 641 2131 qui·
684 2059 734 2114 lert
747 2061 814 2112 etin
829 2060 922 2114 {aciem
936 2057 997 2111 exit.
1009 2085 1020 2106 ι

129 2139 189 2194 dem
205 2159 220 2192 e
234 2140 364 2193 vocabulo
380 2157 457 2194 suum
469 2139 555 2192 Lstiui
570 2141 639 2195 scos·
726 2145 791 2209 stip.
801 2139 864 2193 Flet.
875 2141 1005 2211 insequitur
1013 2143 1098 2192 minas.
1109 2138 1193 2194 Modo

130 2233 194 2272 runt
206 2220 349 2290 lymphatus.
366 2219 416 2272 Pur
432 2237 475 2272 ess
490 2232 577 2274 sutem
592 2239 639 2271 vo·
684 2219 815 2282 minatur,
826 2217 906 2271 modo
919 2218 1084 2271 muliebriter
1093 2217 1182 2272 deflet.

129 2318 183 2366 ωε,
206 2301 322 2363 cerritus,
345 2299 463 2358 larvatus,
488 2317 549 2351 eum
571 2297 639 2351 desi·
727 2297 791 2366 2¹53.
805 2298 907 2348 Formas
920 2297 945 2348 d.
956 2299 1033 2349 Errat
1047 2318 1092 2367 per
1104 2318 1192 2352 omnes.

129 2379 245 2448 girabant
258 2396 339 2449 quem
351 2378 472 2449 tetigerat
481 2377 640 2444 iraCcreris,
683 2376 821 2430 Heliodor.
847 2377 991 2447 AEthiopic.
1017 2377 1084 2429 111:
1110 2381 1191 2448 μυρίον

128 2473 172 2511 sut
197 2459 390 2528 exagitaverunt
412 2469 531 2528 specu-n,
558 2469 639 2510 noctu
667 2451 749 2516 ἐἶδος
769 2459 792 2508 ts
813 2455 885 2526 ὀλίγῳ
906 2461 942 2526 τῷ
962 2457 1040 2526 χρόνῳ
1060 2457 1106 2517 τὰς
1127 2459 1190 2524 ὄψεις

129 2536 228 2609 diuque
248 2537 317 2590 circa
339 2535 406 2590 rudes
424 2549 450 2590 et
465 2536 584 2590 tumulos
600 2555 639 2589 er·
683 2536 771 2606 ἀμφοῖν
797 2534 967 2600 instruitis,
991 2533 1034 2587 zat
1064 2535 1190 2606 psrudstsi

128 2619 231 2682 nutis,
251 2618 305 2669 sive
322 2617 385 2687 quic
403 2635 457 2669 non
471 2615 567 2686 piscati
581 2615 638 2668 iue-
682 2619 791 2668 παντοία
811 2617 895 2684 χροιᾶς
918 2634 945 2668 τι
969 2615 1010 2667 καὶ
1032 2615 1192 2686 filippum,

128 2711 187 2749 rsnt
198 2715 289 2750 manes
299 2696 375 2760 irsti,
389 2697 444 2750 sive
454 2695 516 2766 quis
528 2713 583 2746 non
597 2712 639 2747 ex·
683 2699 726 2756 τῆς
740 2693 817 2763 ψυχῆς
831 2697 871 2748 ris
887 2695 960 2746 scitos
973 2701 1151 2767 κατηγοροῦσα.

129 2778 228 2846 pistum
247 2776 333 2828 iuerat
344 2773 476 2846 quidquid
491 2773 583 2827 delicti
593 2787 638 2828 sut
724 2775 790 2838 254.
801 2773 905 2826 Sonuere
912 2785 1001 2843 postes.
1014 2774 1076 2826 Non
1088 2776 1192 2846 crepitu

129 2857 252 2920 sceleris,
276 2853 341 2908 dum
364 2855 500 2918 viverent,
524 2853 637 2906 sdmise·
684 2851 842 2924 digitorum,
858 2853 894 2906 sit
914 2852 1080 2918 Gronovius,
1102 2854 1193 2908 sdver-

130 2948 197 2989 rsnt.
224 2936 314 2986 Mssa
340 2934 411 2987 enim
437 2934 538 2986 umbris
563 2945 638 2987 eraut
682 2950 740 2985 rans
756 2932 1038 3004 Famalsio,tanusm
1053 2934 1193 2988 insanust

129 3015 296 3078 nocentium,
312 3025 339 3066 ct
351 3014 512 3066 vocabantur
526 3013 637 3082 kmures,
682 3012 779 3064 furenti
797 3013 855 3065 linc
873 3031 937 3066 curu
955 3012 1051 3077 luerit,
1070 3011 1117 3066 sed
1130 3015 1192 3068 stri·

129 3107 158 3146 ut
171 3093 489 3148 secernerentur-simis
501 3093 637 3159 beneficis,
682 3089 748 3144 dore
764 3089 902 3144 cardinum
924 3092 1048 3144 naturali,
1066 3125 1098 3134 -
1120 3093 1192 3148 Audi

130 3189 172 3225 seu
182 3174 318 3246 propitiis.
332 3173 402 3226 Cave
415 3190 507 3226 rursus
520 3191 554 3225 ne
569 3172 637 3225 hunc
682 3183 768 3224 tomen
780 3171 956 3236 Farnobium,
967 3189 998 3223 es
1010 3189 1063 3242 quo
1073 3191 1193 3242 agnosca.

130 3251 289 3307 dementium
304 3251 520 3306 confundsscum
534 3265 637 3305 terrore
682 3261 736 3315 tur,
756 3251 778 3303 si
799 3269 853 3303 non
872 3269 949 3302 verus
963 3251 1015 3303 loci
1036 3269 1144 3318 sensus,
1167 3266 1194 3307 st

130 3349 206 3402 quesn
214 3331 637 3401 Psnsthunimricolisinjicere
681 3342 751 3382 certe
764 3343 842 3383 retus
857 3347 914 3381 mos
930 3328 1098 3396 Grstcorum,
1119 3331 1191 3403 upud

130 3411 288 3480 pudebunt,
303 3425 328 3466 et
342 3413 388 3483 qui
402 3410 465 3464 inde
481 3423 558 3462 terror
568 3413 637 3480 pant·
682 3427 763 3480 quos,
777 3427 860 3482 quum
884 3410 954 3462 fores
975 3410 1143 3480 aperirentur
1160 3414 1192 3465 iu

130 3504 346 3562 carnuncupatus
355 3492 414 3544 suit.
422 3493 477 3543 lios
485 3490 582 3560 ingenii
590 3491 638 3543 hu·
681 3489 765 3553 siam,
780 3489 887 3554 exituri,
899 3487 989 3558 digitis
1010 3489 1105 3542 ostium
1122 3491 1193 3546 iutns

130 3572 198 3624 mui
210 3589 314 3628 errorss
324 3571 597 3643 superstitiosissimus
610 3581 637 3622 ct
680 3569 825 3640 pulsantes,
834 3569 902 3622 velle
912 3568 1029 3639 aliquem
1041 3568 1150 3639 prodirs
1161 3573 1194 3624 si.

129 3652 303 3705 ntutissirnns
312 3657 424 3723 quisquc
436 3651 512 3703 lucro
524 3667 637 3721 sppone·
681 3647 856 3720 gnilicshsnt,
875 3659 905 3700 ut
923 3648 991 3702 forts
1007 3647 1137 3703 ndstsntes
1151 3652 1193 3704 vel

129 3730 180 3784 int.
191 3729 257 3784 vid.
270 3731 339 3785 Pliu.
352 3731 399 3783 lib.
417 3731 506 3792 XXV,
527 3748 585 3802 cop.
602 3728 635 3795 53
681 3739 1000 3799 proterenntcscsverent
1009 3729 1076 3794 sibi,
1087 3747 1143 3782 nes
1153 3732 1194 3784 fo-

130 3809 265 3874 mut,
283 3829 341 3882 cup.
357 3816 406 3875 163
427 3809 557 3872 XXXIV,
578 3827 636 3882 cap.
681 3808 755 3860 ribus
766 3808 794 3860 in
806 3809 895 3860 vicum
907 3805 1014 3878 dejectis
1025 3805 1194 3863 lederentur.

135 3889 180 3954 15;
196 3891 347 3954 xxxva,
361 3907 419 3959 esp·
431 3888 446 3941 3
458 3902 485 3942 ct
497 3896 529 3954 43
546 3890 633 3942 Diosc.
683 3917 721 3930 -
738 3887 801 3940 lisso
815 3887 894 3940 rerba
909 3886 973 3940 dicit
987 3887 1094 3953 nutrix,
1111 3905 1193 3961 quum

130 3967 252 4036 ttt.vtt‚
265 3987 324 4039 osp.
335 3987 359 4024 s.
680 3965 833 4036 jsmhersm
842 3965 1193 4038 auditsppropinqusntem.

169 4055 236 4118 sdy.
251 4050 365 4102 incurrit.
377 4046 447 4102 Vide
462 4047 568 4100 initium
586 4059 636 4100 nct.
725 4046 791 4101 25⁵.
818 4046 868 4100 Orc
884 4049 990 4114 confuso.
1004 4047 1090 4100 Tsuts
1105 4061 1146 4102 est
1165 4049 1193 4102 in

131 4127 170 4179 ΙΙΙ
189 4127 305 4194 Medon,
327 4131 402 4197 cujus
422 4127 472 4180 loci
496 4127 639 4182 affectuum
683 4127 826 4197 sjrrsvnltu
838 4126 1012 4198 perturbatio.
1085 4161 1089 4169 -

1036 4231 1073 4288 αἱ
