3130 5108
629 519 668 582 Ι».
696 513 871 583 ANNAEI
896 511 1104 582 SENECAE

382 635 630 729 Quodcumque
648 634 744 704 tellus
765 634 880 729 genuit
898 633 1033 719 infesta,
1056 632 1196 715 occidit,

381 751 523 840 Meaque
541 745 651 814 fusum
670 759 719 812 est
740 742 875 815 dextera
895 769 903 810 :
926 743 1019 810 iratis
1039 741 1120 810 Deis

381 859 457 926 Non
478 854 573 924 licuit
588 879 679 923 esse:
699 855 726 923 si
749 868 846 948 negat
863 851 1008 921 muudus
1031 851 1135 936 feras,

383 967 543 1035 Animum
562 989 722 1048 noverca,
742 962 841 1031 redde
858 987 948 1032 nunc
967 975 1046 1029 uato
1069 973 1217 1054 patrem,

386 1075 449 1145 Vel
469 1090 557 1144 astra
576 1075 671 1162 forti;
691 1099 752 1142 nec
771 1087 868 1167 peto,
883 1087 921 1140 ut
941 1083 1105 1139 monstres
1124 1069 1204 1136 iter:
1234 1103 1237 1110 ·

386 1187 546 1258 Permitte
564 1201 713 1272 tantum,
732 1184 881 1279 genitor3
901 1183 1068 1250 inveniam
1089 1179 1176 1248 viam
1197 1204 1204 1244 :

383 1295 446 1366 Vel
466 1297 494 1365 si
511 1298 622 1383 times,
640 1321 682 1363 ne
706 1309 793 1362 terra
815 1293 981 1386 concipiat
1000 1291 1103 1375 feras,

383 1411 545 1500 Properet
561 1404 685 1474 malum
707 1403 962 1498 quodcumque,
977 1401 1056 1470 dum
1076 1415 1162 1468 terra
1182 1394 1357 1466 Herculem
1375 1419 1398 1457 ss

382 1517 513 1602 Habet,
531 1515 708 1609 videtque:
730 1541 804 1582 num
827 1515 903 1607 quis
922 1512 1053 1580 invadet
1070 1508 1178 1578 mala?

383 1631 453 1695 Aut
471 1626 546 1719 quis
565 1649 625 1718 per
642 1625 741 1692 urbes
759 1648 873 1692 rursus
892 1621 1060 1716 Argolicas
1079 1621 1141 1687 erit

383 1735 525 1802 Junonis
548 1732 625 1801 odio
645 1731 789 1826 dignus?
804 1736 845 1802 In
865 1746 972 1800 tutum
996 1753 1085 1797 meas

383 1841 515 1913 Laudes
533 1843 668 1935 redegi:
690 1839 783 1910 nulla
802 1866 853 1908 me
872 1839 968 1908 tellus
988 1837 1073 1907 silet.

381 1957 438 2022 Me
460 1953 561 2021 sensit
581 1955 675 2022 Ursae
693 1950 852 2044 frigidum
867 1949 1028 2043 Scythicae
1050 1968 1175 2041 genus,
1373 1967 1399 2009 ‹u›

379 2061 550 2155 Indusque
567 2060 696 2129 Phoebo
711 2059 881 2146 subditus,
899 2061 1029 2126 Cancro
1045 2057 1155 2150 Libys.

382 2175 447 2254 Te,
463 2167 552 2238 clare
569 2169 686 2253 Titan,
707 2182 833 2236 testor:
854 2168 985 2236 occurri
1008 2167 1085 2254 tibi,
1184 2163 1194 2186 ⁰

383 2281 604 2373 Quacumque
620 2275 749 2372 fulges:
770 2302 832 2346 nec
852 2302 941 2346 meos
958 2274 1014 2344 lux
1036 2280 1192 2372 prosequi

382 2390 498 2460 Potuit
515 2388 714 2483 triumphos.
739 2387 824 2458 Solis
842 2389 964 2455 excessi
985 2388 1089 2473 viees;

333 2623 383 2675 sibi
398 2623 527 2675 honorem
543 2622 687 2675 habuisset.
704 2623 771 2673 Eum
790 2634 846 2674 tnu-
862 2577 876 2616 i
890 2619 982 2672 Simile
996 2632 1086 2673 votnm
1100 2618 1220 2673 Herculis
1240 2619 1267 2672 in
1290 2619 1400 2675 Hercul.

331 2719 392 2754 rum
409 2701 444 2752 ab
461 2702 577 2754 Hercule
589 2700 617 2752 in
635 2702 714 2754 Creta
729 2702 845 2754 occisum
888 2699 951 2751 Fur.
963 2697 1018 2767 937
1027 2719 1033 2750 :
1043 2698 1111 2753 ι...ιί
1122 2697 1194 2769 quod
1205 2699 1351 2752 etiamnum
1361 2713 1401 2754 est

333 2777 495 2833 Claudianus
513 2791 638 2843 testatur:
659 2779 703 2830 alii
723 2779 751 2830 in
768 2779 845 2832 Pelo·
888 2778 973 2830 scelus
990 2778 1089 2830 Latnra
1107 2779 1198 2844 tellus,
1219 2791 1359 2850 properet,
1374 2793 1401 2832 et

331 2876 453 2929 pouneso
479 2872 602 2911 necatum
625 2857 747 2910 volunt:
777 2857 846 2911 forte
888 2855 910 2907 si
933 2855 1005 2928 quod
1028 2869 1103 2927 parat
1119 2857 1287 2924 Monstrum,
1309 2876 1401 2912 meum

334 2937 414 3009 quis,
430 2949 459 2990 ut
472 2950 586 3000 constat,
601 2956 616 2989 e
634 2937 712 2990 Creta
725 2936 754 2988 in
767 2936 845 2989 Pelo·
888 2935 936 3000 sit,
949 2947 1022 2989 etc.-

331 3035 484 3087 pounesnm
511 3016 620 3087 trajecit.
642 3014 712 3067 Vide
733 3016 843 3068 Prusan.
930 3015 975 3067 36.
997 3015 1115 3080 luesder,
1137 3014 1319 3087 aqgredietun
1345 3015 1402 3070 sive

332 3097 362 3148 in
373 3097 453 3148 Attis.
885 3096 984 3165 jussus,
997 3095 1052 3146 sive
1067 3095 1187 3164 injussus.
1201 3095 1274 3148 Nihil
1286 3095 1358 3148 enim
1371 3097 1399 3148 in

378 3193 425 3242 ¹9·
439 3177 531 3238 Irats's,
548 3187 597 3228 ete.
612 3174 730 3226 Monstrs
743 3171 845 3243 quippe
886 3173 1040 3226 ulterutram
1049 3187 1149 3244 partem
1163 3175 1214 3227 lroc
1224 3175 1337 3228 verbum
1351 3173 1400 3228 de-

335 3255 457 3306 Deorum
469 3253 508 3305 irs
522 3253 600 3306 terris
613 3253 728 3306 immissu
741 3252 844 3305 sustuli.
885 3251 955 3305 finit.

376 3331 422 3385 31.
433 3331 463 3384 Ss'
470 3351 495 3384 rs.
509 3335 613 3385 animum
624 3351 735 3394 noverea,
743 3344 792 3384 ete.
804 3332 844 3383 De
928 3330 974 3386 38.
985 3333 1015 3384 Iu
1026 3344 1102 3385 tratrem
1114 3351 1185 3384 meus.
1198 3332 1259 3385 Non
1270 3333 1402 3404 periturns

335 3411 555 3482 interpretatione
575 3411 659 3482 Lipsii
680 3409 787 3474 dubito,
807 3411 845 3463 sit
887 3410 1146 3480 leudes-lledegl.
1158 3410 1222 3464 vid.
1235 3412 1379 3466 Animadv.

337 3490 489 3544 Gronovius
506 3507 514 3542 :
536 3489 564 3543 si
581 3490 700 3543 animum
719 3507 797 3542 sunus
818 3502 845 3542 et
928 3497 972 3554 4ο.
989 3490 1032 3541 Me
1044 3493 1133 3553 samir,
1144 3504 1195 3544 etc.
1206 3489 1373 3544 Videntur.

332 3569 545 3622 benevolentiam
573 3569 665 3622 abnuit
692 3569 775 3622 Jnno.
811 3573 845 3622 tt
929 3575 975 3632 41.
989 3570 1400 3631 Pltoebo‚orieutisoli.-Cars·

333 3649 407 3700 Juno
417 3648 483 3701 milri
495 3647 600 3701 ridetur
609 3646 662 3701 dici
677 3665 773 3718 negare
786 3648 844 3700 sui·
888 3669 936 3700 cru.
948 3649 1045 3703 Cancri
1058 3650 1161 3719 tropico
1175 3649 1297 3703 subditus
1308 3651 1383 3705 Afer.

335 3745 409 3778 snum
427 3727 569 3796 pristinum
589 3727 617 3779 in
634 3728 776 3781 Herculem
790 3727 845 3780 sire
928 3727 974 3790 43.
991 3731 1153 3801 Quocumque.
1165 3729 1196 3779 ln
1208 3729 1337 3796 Oriente,
1352 3749 1400 3783 seu

337 3807 402 3859 irum
420 3804 564 3872 cessando,
582 3818 609 3860 et
622 3825 677 3859 non
692 3804 843 3876 objiciendo
888 3805 1152 3860 Occidente—Nec
1165 3827 1236 3861 meos.
1248 3808 1342 3880 Neque
1354 3810 1400 3862 lux

336 3887 361 3937 ei
370 3903 472 3938 novum
480 3886 607 3939 laborem.
617 3887 657 3939 De
668 3905 722 3958 quo
734 3885 843 3957 quidem
887 3899 932 3938 tus
943 3886 1066 3958 prosequi
1083 3887 1170 3957 potuit
1184 3905 1227 3940 me
1242 3885 1277 3940 ad
1288 3888 1401 3942 Tertsrs

336 3965 476 4034 posteriori
488 3983 565 4018 sensu
576 3965 653 4017 nobis
665 3962 772 4018 videtur
786 3983 843 4018 non
887 3978 1080 4036 penetrantem.

335 4061 390 4095 esse
404 4033 590 4097 dulrituudnrn.
913 4051 976 4108 ‘44
997 4046 1085 4106 Vr'css‚
1105 4062 1213 4112 cursus,
1234 4046 1330 4100 limites
1350 4065 1400 4118 per

376 4124 421 4176 35.
451 4123 578 4193 properet,
608 4137 732 4194 properet
754 4123 840 4178 edere.
886 4125 956 4178 vices
970 4123 1117 4178 obeundus.
