3130 5108
380 545 426 618 88
674 549 713 616 L.
740 549 916 617 ANN'AEI
942 549 1153 619 SENECAE

427 673 504 740 Non
523 671 593 764 ipse
613 673 709 740 terris
728 673 835 764 major
856 676 1010 742 Oceanus
1029 699 1119 744 meos

429 782 566 876 Frangit
582 807 721 876 vapores
739 810 747 852 :
768 783 876 852 omnis
896 784 930 850 in
949 785 1070 852 nostris
1089 784 1184 854 malis

426 892 568 962 Deficiet
587 893 727 981 humor,
746 894 854 962 omnis
872 908 997 963 arescet
1019 893 1117 964 latex.

426 1002 538 1092 Quid,
561 1018 669 1072 rector
682 1004 803 1088 Erebi,
819 1029 872 1074 inc
896 1005 1086 1075 remittebas
1103 995 1216 1075 tovi?

428 1113 550 1183 Decuit
568 1127 703 1182 tenere:
725 1113 824 1183 redde
843 1139 895 1184 me
918 1116 1062 1184 tenebris
1084 1116 1159 1184 tuis.

427 1221 543 1293 Talem
563 1225 708 1293 subactis
725 1222 902 1293 Herculem
921 1224 1057 1293 ostende
1076 1224 1209 1304 inferis,

430 1331 488 1403 Nil
504 1333 582 1402 inde
602 1333 745 1404 ducam:
768 1336 849 1428 quid
872 1335 966 1404 times
985 1336 1106 1403 iterum
1124 1331 1325 1404 Herculem?

430 1443 570 1530 lnvade,
588 1445 682 1513 Mors
699 1469 768 1513 non
790 1444 940 1538 trepida:
957 1445 1027 1538 jam
1048 1469 1181 1539 possum
1202 1444 1297 1512 mori.

428 1575 535 1622 scen.
554 1555 735 1647 Compesce
752 1552 903 1622 lacrimas
919 1551 1051 1637 saltem,
1071 1568 1104 1623 et
1122 1577 1285 1624 aerumnas
1302 1553 1419 1632 doma,

430 1661 595 1755 Malisque
611 1665 711 1732 tantis
729 1663 904 1732 Herculem
923 1665 1122 1734 indomitum
1143 1664 1239 1751 refer,
1394 1679 1445 1730 ¹³7⁵

430 1775 642 1867 Montemque
664 1775 781 1843 vince:
802 1775 894 1868 quod
909 1774 1008 1862 soles,
1027 1777 1121 1846 vince
1142 1776 1275 1846 inferos.

430 1906 533 1953 ncnc.
550 1883 583 1953 Si
606 1908 660 1952 mc
677 1879 802 1953 catenis
821 1885 976 1955 horridus
998 1887 1146 1956 vinctum
1168 1887 1236 1955 suis

430 1993 597 2061 Praeberet
617 1992 721 2062 avidae
741 1997 909 2064 Caucasus
928 1995 1054 2066 volucri
1078 1995 1219 2091 dapem,

431 2101 565 2195 Scythia
583 2118 753 2197 gemente,
773 2104 892 2174 llebilis
912 2110 1056 2200 gemitus
1073 2109 1156 2176 milii

431 2212 509 2280 Non
527 2213 725 2284 exstitisset:
745 2216 772 2282 si
791 2241 881 2311 vagae
896 2216 1129 2312 Symplegades

398 2336 401 2342 '
432 2323 584 2418 Utraque
603 2340 790 2418 premerent
810 2352 909 2421 rupe,
926 2327 1093 2397 redeuntis
1111 2329 1217 2398 minas

431 2434 566 2502 Fercem
584 2434 697 2504 ruinae.
718 2436 845 2505 Pindus
866 2438 1036 2508 incumbat
1054 2439 1137 2508 mihi

432 2544 543 2636 Atque
563 2546 696 2628 AEmus,
714 2563 746 2614 et
765 2548 823 2643 qui
837 2548 996 2617 Thracios
1017 2547 1137 2618 lluctus
1155 2548 1260 2618 Athos

434 2653 590 2745 Frangit,
607 2655 764 2750 Jovisque
780 2657 905 2726 fulmen
926 2657 1093 2752 excipiens
1112 2659 1244 2728 Mimas.

435 2761 512 2830 Non
529 2763 600 2856 ipse
617 2765 644 2832 si
660 2767 696 2834 in
714 2789 787 2853 me,
804 2783 921 2856 mater,
940 2768 994 2837 hic
1012 2768 1156 2838 muudus
1174 2784 1266 2854 ruat,
1399 2785 1453 2825 ¹³⁸⁵

433 2996 517 3051 stes
536 2999 617 3051 Terris
637 3003 725 3072 major.
746 3001 809 3074 quis
824 3013 901 3073 pute·
942 3003 1090 3072 sciremque
1107 3000 1170 3074 quid
1187 3019 1229 3053 me
1241 3001 1384 3064 cruciaret,
1398 3011 1453 3053 etc.

389 3075 453 3128 bsnt
475 3077 542 3131 mari
566 3080 688 3133 tellurem
711 3081 899 3153 circumcingi,
942 3115 983 3126 -
994 3081 1107 3146 Catones,
1120 3094 1148 3134 ut
1162 3081 1359 3134 Prometheum.
1372 3077 1453 3134 llerc.

390 3172 450 3226 que
461 3157 510 3212 iuit
523 3158 616 3230 opinio
628 3160 777 3214 Aristotelis
789 3162 815 3214 in
829 3162 898 3215 libro
942 3161 1005 3216 Fur.
1015 3180 1053 3216 ss.
1066 3165 1148 3215 1206.
1159 3159 1270 3214 Videad
1282 3159 1457 3214 hunclocuus

391 3233 426 3287 de
439 3235 542 3290 Mundo
558 3237 591 3291 sd
606 3239 734 3295 Alexand.
751 3243 786 3307 Q.
798 3241 898 3294 Metelli
942 3241 1084 3295 Animadr.

391 3324 419 3366 et
433 3315 550 3371 Cornelii
569 3318 678 3390 Nepotis
695 3319 768 3391 apud
788 3321 899 3387 Melsm,
986 3317 1458 3392 1378.Proeleretuvidn.Vid.Anim-

391 3392 437 3448 tib.
452 3396 502 3461 lll,
512 3416 536 3451 c.
551 3397 577 3452 5.
591 3397 654 3452 Vid.
666 3399 770 3472 OEdip.
780 3420 819 3454 vs.
833 3402 898 3464 sos.
943 3400 1046 3455 sdr.-
1059 3401 1166 3452 Volucri.
1180 3400 1298 3452 Vulturi.

435 3475 518 3547 1367.
532 3478 650 3548 Vspens,
661 3482 774 3544 calores,
783 3480 898 3535 srdores·
987 3482 1070 3551 ¹379·
1079 3480 1178 3552 Scyllia
1185 3492 1298 3548 gemente.
1309 3477 1373 3548 ipsis
1385 3477 1458 3549 sey-

435 3555 520 3624 1369.
536 3559 622 3612 flector
639 3559 721 3613 Erebi.
737 3561 901 3630 Sophoclem
943 3561 996 3614 tlsis
1011 3563 1063 3612 mel
1076 3559 1325 3612 comnsiserentilsus.

393 3631 474 3688 etism
488 3637 615 3692 Hercules
631 3639 771 3693 Plutonem
783 3641 899 3694 inanest.
988 3638 1069 3694 1380.
1088 3639 1267 3712 Symplegades.
1284 3637 1379 3690 Insulss
1392 3634 1460 3691 dun

397 3759 400 3766 .
441 3716 526 3787 ¹37¹·
548 3719 648 3783 Talem,
666 3719 808 3786 efflictum,
825 3721 905 3774 mise·
948 3733 1038 3773 contre
1054 3719 1217 3788 Bosphorum
1230 3718 1393 3782 Thracium,
1415 3717 1460 3771 sic

393 3817 454 3854 rum
467 3799 594 3852 membris
605 3797 761 3852 dilsoerstis.
947 3797 1024 3852 dicte
1035 3837 1043 3862 ,
1062 3797 1135 3870 quod
1155 3797 1252 3851 sabulis
1275 3796 1389 3849 traditur
1412 3815 1462 3850 ess

437 3877 902 3948 1mettundauiottmcmtrerum.
946 3878 1018 3931 inter
1032 3896 1060 3930 se
1074 3878 1216 3949 aliquando
1230 3877 1410 3936 concurrisse3
1428 3889 1462 3930 et

437 3958 522 4028 1375.
545 3957 626 4025 Refer.
656 3957 780 4020 Revoca,
804 3976 902 4030 repro·
946 3977 1059 4029 nempe,
1080 3976 1163 4030 parvo
1183 3957 1303 4010 discreto
1318 3967 1394 4008 erent
1414 3955 1463 4009 in-

393 4036 549 4092 nummulis
560 4037 698 4098 invictum,
716 4049 745 4090 ut
756 4034 840 4090 dccet.
945 4037 1063 4092 terssllo.
1375 4037 1379 4044 '

438 4118 517 4188 1376.
533 4115 608 4185 Quod
618 4115 688 4169 soles.
699 4116 792 4188 Suppl.
808 4117 899 4170 lacere.
988 4117 1071 4172 1382.
1084 4117 1194 4182 rernm,
1215 4117 1271 4169 sine
1291 4127 1386 4187 questu
1409 4129 1463 4169 sut

436 4194 560 4268 ¹377.Ss'
570 4215 612 4250 sse.
623 4194 775 4250 Sisiderem
783 4195 901 4262 hostem,
944 4196 1201 4267 gemitu-Pindus,
1217 4193 1463 4249 monsThesssliae.
