3188 5128
235 573 238 578 .
345 511 415 584 306
701 511 754 581 IN
779 511 1053 580 OCTAVIAM

385 651 452 716 497.
463 641 526 696 Sibi.
543 639 620 694 blslit
630 639 751 694 Gronov.
763 641 830 694 mibi.
838 641 927 694 Vellet
940 641 1019 694 Both.
1033 640 1084 712 legi
1099 643 1140 694 cui
1157 642 1244 708 liveat,
1256 661 1323 715 pro,
1337 662 1410 716 quun

344 726 425 777 tuear.
992 751 997 765 .

385 815 450 870 bot.
461 815 518 868 Iovi
528 813 655 885 AEquatus
665 811 729 864 sitos
741 830 805 882 ιαμ
819 831 865 882 per
881 812 997 866 bonorum
1009 814 1112 882 gmtu.
1126 813 1251 866 Heinsius
1261 833 1332 885 poene
1344 815 1409 868 scri·

342 899 424 960 bens,
437 893 472 950 nd
484 891 613 946 insidiens
629 891 668 946 rei
685 889 873 956 minuendum,
888 911 944 946 non
958 893 1129 958 meminerat,
1145 893 1258 959 cenni,
1274 894 1344 948 inter
1358 894 1409 948 slis
1439 893 1444 908 ⁸

341 975 460 1030 humano
476 972 581 1043 fastigio
594 971 733 1042 ampliore,
750 969 883 1025 decretum
895 990 966 1038 esse,
978 989 1038 1044 que
1052 985 1108 1026 eret
1121 973 1229 1045 propris
1239 973 1304 1027 tovi
1316 974 1343 1026 in
1356 974 1409 1028 Cs-

342 1055 454 1127 pitolio,
470 1051 560 1106 sedem
578 1069 685 1104 summ
704 1051 734 1104 in
754 1051 843 1118 curis,
868 1065 894 1105 et
909 1071 960 1123 pro
974 1052 1110 1106 tribunali.
1130 1051 1195 1106 Vid.
1214 1054 1324 1108 Sueton.
1339 1054 1409 1108 Ces.

343 1153 401 1206 etp.
414 1137 469 1206 76,
483 1132 576 1204 ibique
586 1131 689 1184 Ernest.

328 1293 329 1298 ¹
386 1226 451 1281 503.
465 1227 535 1278 Tunc
546 1223 618 1276 vidit.
629 1223 685 1276 MS.
700 1223 928 1288 8o3s,nonuidit.

384 1318 449 1374 508.
462 1319 593 1387 Fugerent.
606 1313 719 1386 Aliquot
728 1315 802 1369 MSS.
806 1316 934 1386 sugerunt.

345 1405 366 1420 '¹
387 1413 455 1468 513.
467 1411 518 1462 Per
526 1421 609 1480 putres
624 1409 716 1461 vultus.
730 1407 855 1462 Heinsius
867 1409 932 1480 legit
942 1427 989 1478 per
999 1420 1082 1480 putres
1095 1413 1179 1474 uicos,
1194 1409 1304 1463 minime
1317 1427 1411 1462 neoes·

343 1494 410 1548 seris
426 1488 621 1545 emendatione.
641 1488 749 1542 Cornel.
765 1487 877 1542 Severus
891 1488 925 1542 de
938 1489 1025 1542 Morte
1037 1488 1191 1554 Ciceronis,
1207 1489 1266 1544 init.
1281 1517 1292 1538 ι
1302 1489 1412 1560 Orsque

344 1571 545 1644 megusnimum
560 1567 686 1640 spirantia
700 1585 777 1639 pene
790 1568 913 1622 virorum
924 1570 957 1622 ln
969 1569 1062 1622 rostris
1072 1571 1179 1640 jacuere
1189 1569 1252 1623 suis.
1267 1595 1279 1618 ι

386 1665 453 1720 516.
473 1663 568 1715 Haurit
582 1673 607 1712 et
621 1660 730 1714 Siculum
743 1681 816 1714 nare.
827 1661 914 1714 Etiam
930 1662 986 1714 beo
1003 1661 1071 1714 male
1091 1661 1208 1716 habuere
1223 1661 1295 1715 viros
1309 1660 1412 1715 doctos.

344 1745 466 1812 Quorum
489 1743 626 1806 Gronov.,
649 1739 725 1794 bistu
743 1741 874 1806 offensus,
891 1741 989 1811 reponi
1012 1741 1088 1811 jubet
1107 1741 1221 1795 «mersit
1240 1755 1267 1796 et
1289 1741 1413 1795 Siculum

343 1842 449 1878 insse.»
468 1819 520 1876 Sed
533 1819 614 1872 satius
630 1832 668 1874 est
678 1819 765 1889 legere
778 1838 839 1873 oum
855 1821 981 1874 &censio
995 1821 1114 1874 exhausit
1129 1821 1288 1893 Pompeium
1301 1823 1413 1892 ejusque
1485 1863 1490 1870 ,

344 1902 415 1959 lilios
428 1895 503 1966 dicit,
522 1913 550 1954 et
563 1898 754 1970 Pompeianos,
769 1900 815 1971 qui
830 1893 899 1953 terra
914 1901 1049 1972 murique,
1064 1919 1150 1971 neque
1169 1919 1221 1954 unu
1243 1901 1315 1968 scie,
1328 1919 1414 1956 oeste-

346 1995 427 2048 runt,
448 1979 478 2033 id
492 1992 546 2044 est,
560 1979 624 2033 victi
642 1980 764 2045 inerunt,
778 1997 948 2051 quorumque
967 1981 1060 2034 olssses
1080 1981 1206 2052 virosque
1220 1980 1343 2052 prelium
1357 1993 1415 2034 tsn-

344 2060 407 2118 dem
418 2060 452 2114 sd
467 2055 584 2112 Siciliam
600 2059 711 2110 eniswit
722 2058 805 2124 illud,
818 2060 846 2112 in
862 2078 916 2130 quo
928 2060 1002 2114 lusus
1012 2059 1106 2114 Sextus
1120 2060 1268 2132 Pompeius
1277 2061 1306 2113 in
1323 2059 1414 2114 Asiam

347 2141 470 2213 aufugit,
486 2139 579 2210 ibique
594 2136 748 2192 interiectus
762 2150 812 2193 est.
829 2139 915 2192 Bous.

389 2221 456 2291 ⁵1:¹-
471 2219 499 2270 V
497 2223 598 2292 irasque.
609 2216 710 2271 Buden.
723 2236 814 2272 errore
825 2220 1030 2290 typographico,
1041 2224 1164 2293 viroque.
1175 2251 1217 2262 —
1227 2218 1415 2291 Saepe-cedentes

346 2303 404 2356 suis.
419 2299 498 2354 MSS.
511 2311 538 2352 et
549 2311 612 2352 vett.
625 2295 686 2351 edd.
700 2311 798 2370 preter
816 2298 878 2352 tld.
896 2299 960 2352 item
981 2300 1087 2353 Delrius
1104 2319 1111 2354 :
1135 2299 1242 2352 sedentes
1254 2319 1328 2361 suos,
1342 2299 1416 2354 unde

348 2382 435 2437 Gron.
457 2379 508 2432 ted.
522 2379 607 2445 juror.
627 2379 714 2430 Immo
728 2379 813 2447 seros,
838 2398 896 2450 quos
915 2379 1045 2434 vocabule
1064 2379 1220 2452 permisceri
1240 2377 1335 2434 solent.
1357 2379 1417 2431 Feri

347 2461 468 2533 profecto
483 2457 656 2529 Pompeiani,
677 2459 822 2528 presertim
834 2457 924 2530 judice
941 2459 1061 2526 Nerone,
1082 2459 1130 2531 qui
1156 2485 1168 2507 ι
1182 2457 1298 2512 nefando
1314 2459 1415 2514 civium

348 2541 446 2596 scelere
457 2565 469 2588 »
486 2537 642 2591 occubuisse
654 2535 722 2590 dicit
733 2539 750 2591 J
752 2539 836 2591 ulium
849 2539 979 2593 Caessrem
989 2557 1050 2610 sup.
1060 2558 1098 2592 vs.
1114 2539 1175 2593 502.
1192 2539 1278 2592 Bonis.

392 2618 458 2673 526.
472 2617 549 2670 Metu.
561 2616 605 2670 sic
619 2617 751 2671 Commel.
763 2617 830 2684 Alii,
847 2629 930 2671 nstin.

394 2714 459 2784 ⁵²7·
473 2711 541 2766 Fuit.
556 2712 674 2777 Exilius,
696 2731 776 2784 quam
787 2715 857 2780 suit,
877 2712 982 2768 videtur
999 2713 1082 2782 mibi,
1101 2715 1138 2768 sit
1156 2714 1325 2780 Gronovius,
1342 2717 1417 2790 quod

351 2793 475 2847 Heinsim
489 2791 611 2862 reponit,
626 2795 673 2844 sui.
1181 2811 1185 2822 «

395 2873 460 2926 530.
474 2871 555 2922 Prior.
567 2869 624 2923 MS.
639 2871 724 2936 8035,
737 2875 815 2942 pn'us.

397 2953 463 3007 532.
477 2949 603 3002 Fundam.
615 2949 674 3003 MS.
688 2950 777 3015 8035,
782 2951 904 3018 fundabo.

396 3033 463 3102 537.
476 3030 579 3083 Junettu
594 3030 659 3082 milti.
676 3031 748 3083 Dent
762 3031 884 3104 plerique
900 3027 977 3087 MSS.
990 3036 1088 3088 uinctus
1102 3035 1167 3088 milti.

397 3112 464 3177 541.
481 3109 630 3165 lmociabili.
642 3108 719 3164 MSS.
731 3128 839 3176 omnes,
854 3113 994 3166 insatiabili.

397 3192 465 3257 544.
481 3188 572 3245 tuaest.
587 3189 697 3244 Arcens.
711 3183 796 3262 Luqd.
812 3191 890 3246 Both.
907 3196 1011 3258 invenit,
1035 3194 1160 3248 sscilioet
1178 3195 1272 3262 dolor,
1289 3222 1301 3244 ·
1316 3207 1418 3252 utente

354 3272 430 3326 illum
445 3269 592 3342 explicabat
604 3270 720 3323 Delrius.

397 3350 462 3417 545.
488 3349 574 3403 Cedat.
588 3349 684 3421 Ultrsj.
700 3349 774 3415 cedit,
787 3350 861 3421 quod
875 3351 972 3405 fortine
990 3371 1068 3423 qusm
1080 3353 1215 3424 vulgatum
1230 3355 1334 3410 Rotheo
1343 3353 1418 3410 vide·

355 3442 409 3494 tur,
418 3447 468 3483 nec
476 3429 584 3482 fortusse
592 3426 710 3500 ineptum
721 3429 749 3482 in
761 3430 985 3486 confidentissimo
997 3433 1112 3487 Nerone.
1121 3434 1200 3488 Fero.
1213 3448 1240 3489 et
1250 3437 1306 3507 Csj.
1317 3434 1418 3488 caderet.

398 3508 466 3576 559.
491 3509 617 3578 Ararque
648 3528 730 3560 sacros
754 3513 848 3562 miscuit
872 3531 936 3565 σανα
958 3513 1028 3581 sace.
1057 3512 1195 3586 Ultrsject.
1220 3525 1246 3569 et
1270 3529 1333 3569 vett.
1356 3513 1419 3568 edd.

357 3589 456 3640 instruit
467 3604 518 3656 pro
536 3589 643 3650 miscuit,
661 3587 735 3658 quod
749 3587 840 3643 ridens
852 3591 1038 3646 Loveniensis:
1058 3619 1069 3640 ι
1083 3593 1247 3658 Quomodo?
1262 3594 1359 3666 inquit.
1375 3599 1420 3647 An

356 3669 441 3720 frosm
462 3681 526 3718 erou
543 3665 693 3732 jaculatur?
709 3667 795 3723 Miror
810 3689 865 3724 non
890 3674 963 3725 exuri
985 3691 1130 3726 nervum„
1150 3673 1194 3727 Ad
1216 3693 1275 3745 quse
1294 3673 1418 3728 Gronov.

358 3773 370 3796 ι
380 3747 484 3808 inuno,
506 3741 582 3796 dedit
596 3744 621 3796 ei
641 3764 733 3801 eroum
754 3761 781 3802 et
805 3751 898 3804 isoen.
910 3776 921 3798 ι
946 3751 996 3806 Sed
1011 3753 1070 3824 quis
1085 3751 1122 3806 ita
1138 3753 1265 3824 loquutus
1282 3752 1421 3825 unquam?

355 3826 425 3880 Sane
444 3819 587 3894 legendum
611 3831 754 3881 secundum
774 3829 839 3883 istos
858 3831 967 3884 libros:
998 3835 1148 3904 ‹Arcuqsle
1167 3852 1241 3890 storo
1263 3847 1289 3887 et
1310 3833 1421 3886 instruit

355 3903 499 3959 tersisse.
511 3927 522 3948 ι
540 3901 623 3954 Born.

395 3984 462 4055 ⁵7¹·
474 3982 615 4050 Jungatque
631 3988 725 4036 nostris.
743 3986 840 4059 Soripti
859 3990 997 4058 nonnulli,
1017 3991 1145 4065 lugetque.
1170 3993 1219 4047 Sed
1234 3995 1421 4064 reposuimus,

352 4077 384 4118 ut
396 4061 482 4117 voluit
495 4059 633 4126 Heinsius,
647 4063 802 4138 iungatque,
817 4072 891 4141 cujus
905 4069 1047 4126 sesoosndi
1067 4073 1248 4129 necessitatem
1261 4074 1351 4129 sttulit
1360 4093 1420 4128 tno·

351 4143 416 4198 leste
432 4136 579 4195 similitudo
594 4142 739 4198 verborum
750 4147 850 4217 jugatas
864 4161 890 4203 et
901 4151 982 4220 supet.
