3220 5128
366 487 437 561 236
566 492 859 567 luscmrrl
885 498 925 564 n.
952 498 993 563 a.
1019 473 1229 564 sanaem

363 698 1427 722 mmmmmwnumwtmmmm

543 920 797 1028 ACTUS
834 920 1246 1030 SECUNDUS.

698 1165 1090 1201 ——a-QOQ—-a—

794 1351 1012 1429 sunnon.
1091 1315 1094 1332 ’

416 1480 543 1635 Quin
560 1560 634 1624 me,
649 1551 768 1630 potens
785 1541 948 1624 Fortuna,
967 1536 1075 1607 fallaci
1094 1539 1176 1608 milri

412 1641 567 1716 Blandita
589 1644 699 1733 vultu,
720 1662 808 1716 sorte
829 1663 1022 1717 contentum
1044 1673 1116 1717 mea

412 1750 490 1823 Alte
507 1755 671 1845 extulisti,
692 1759 825 1851 gravius
846 1773 883 1826 ut
905 1783 1034 1827 ruerem
1053 1759 1140 1828 edita

410 1863 578 1958 Receptus
597 1890 690 1952 arce,
709 1880 825 1962 totque
843 1867 1067 1962 prospicerem
1089 1869 1215 1937 metus?
1392 1889 1433 1928 πο

412 1971 536 2043 Melius
555 1973 696 2044 latebam
716 1975 892 2070 proculab
911 1975 1042 2046 invidiae
1058 1976 1164 2064 malis,

412 2083 573 2155 Remotus
593 2085 682 2154 inter
700 2086 826 2156 Corsici
846 2111 945 2180 rupes
963 2088 1085 2156 maris:

410 2191 479 2260 Ubi
496 2191 581 2270 liber
596 2196 727 2264 animus
742 2210 775 2264 et
793 2197 843 2266 sui
856 2196 961 2290 juris,
983 2196 1066 2264 mihi

413 2303 553 2398 Semper
571 2307 729 2391 vacabat,
746 2306 857 2376 studia
874 2306 1032 2376 recolenti
1051 2331 1134 2374 mea.

414 2415 447 2482 Ο
466 2439 566 2507 quam
583 2415 722 2508 juvabat
739 2417 829 2512 (quo
847 2415 931 2485 nihil
949 2416 1057 2508 majus
1079 2438 1196 2508 parens
1393 2435 1431 2473 ³⁸⁵

411 2523 539 2592 Natura
558 2527 694 2617 genuit,
714 2527 823 2619 operis
841 2525 992 2596 immensi
1013 2523 1150 2617 artifex)

408 2629 535 2700 Caelum
558 2633 696 2720 intueri,
717 2634 813 2703 molis
831 2649 863 2704 et
882 2660 999 2704 cursus
1022 2660 1149 2720 sacros,

413 2740 599 2834 Mundique
614 2757 743 2828 motus,
760 2742 844 2811 Solis
861 2745 1004 2814 alternas
1021 2746 1126 2828 vices,

407 2850 600 2943 Orbemque
621 2851 777 2937 Phoebes,
793 2868 881 2921 astra
900 2878 999 2947 quem
1016 2853 1158 2947 cingunt
1180 2875 1282 2947 vaga,

405 3084 520 3148 Actll,
544 3101 580 3136 ec.
601 3103 622 3138 a.
636 3083 814 3155 Philosophus
827 3103 874 3138 aaa·
918 3084 960 3136 tte
994 3085 1146 3140 Germanici
1174 3085 1204 3138 F.
1236 3081 1432 3139 adulteriorum

366 3164 420 3218 culi
434 3164 474 3218 aui
491 3163 553 3218 vitia
569 3162 722 3229 detestatus,
733 3165 813 3236 priaci
824 3164 873 3217 aevi
917 3165 1071 3229 conscium,
1083 3164 1222 3218 Meeaalina
1236 3162 1371 3218 criminata
1391 3164 1432 3216 fe-

366 3245 561 3315 eimplicitateur
574 3242 675 3309 laudat,
688 3257 772 3315 utque
784 3243 874 3297 omnia
918 3243 963 3309 eit,
977 3258 1005 3296 ut
1018 3263 1032 3297 a
1045 3243 1158 3297 Claudio
1170 3244 1198 3296 in
1212 3243 1358 3304 Corsicam,
1368 3261 1431 3296 aco-

367 3323 396 3376 iu
410 3323 466 3378 diea
482 3325 510 3376 in
528 3322 662 3378 deteriora
677 3325 791 3390 ruerint,
803 3343 874 3377 eom·
917 3323 1036 3394 puloaam
1052 3322 1175 3386 insulam,
1188 3322 1364 3392 relegaretur,
1379 3341 1431 3374 uu·

366 3415 507 3456 memorat.
918 3399 1433 3473 de‚intercedentepoatmodumAgrip·

406 3481 472 3552 377.
485 3483 634 3536 Contemum.
646 3487 690 3536 Me
702 3483 745 3536 cui
760 3481 875 3536 aul'fieie·
918 3483 997 3553 pina,
1017 3495 1169 3548 revocatus,
1190 3481 1293 3534 Neroni
1303 3481 1432 3552 praeficie-

366 3559 555 3614 lratmeaaora.
919 3562 1007 3616 batur.

407 3640 471 3710 379.
486 3640 599 3694 Grauiau.
619 3667 630 3688 ι
646 3642 688 3693 An
704 3657 746 3694 me
761 3639 832 3693 tollia
847 3635 873 3694 iai
960 3641 1028 3695 385.
1052 3641 1078 3694 0
1098 3659 1179 3710 quam.
1198 3641 1263 3693 Hauc
1286 3638 1374 3692 omnia
1396 3657 1431 3692 ex

367 3721 467 3784 altum,
485 3717 523 3772 Ut
536 3738 597 3772 cusu
609 3721 729 3790 graviore
742 3719 841 3773 ruam?
860 3745 872 3768 ι
920 3719 1001 3773 Cone.
1012 3718 1045 3773 ad
1059 3720 1136 3773 Helv.
1150 3737 1227 3791 capp.
1242 3725 1274 3784 4,
1289 3721 1305 3772 8
1321 3731 1346 3771 et
1358 3737 1432 3786 9.—

367 3798 545 3854 Utoanitlere
552 3797 817 3853 Claudiamiullulin.
828 3806 874 3862 la.
922 3801 988 3869 Quo.
999 3800 1078 3853 lleler
1088 3797 1123 3853 ad
1137 3799 1230 3864 celum,
1241 3799 1353 3852 inlr-ra.
1362 3798 1430 3868 387.

407 3877 473 3933 380.
495 3877 692 3945 Amanium
704 3878 779 3933 dere
791 3879 876 3951 quali·
962 3880 1026 3950 387.
1054 3879 1147 3933 Culum
1168 3881 1269 3939 intueri,
1293 3889 1346 3930 etc.
1361 3876 1431 3930 vid.

366 3959 553 4029 bet,aupeaiua
565 3956 662 4030 adepta
677 3958 822 4030 fastigium.
837 3990 875 4003 —
919 3957 1062 4013 Animada.

368 4039 457 4093 Metus.
471 4039 494 4090 1.
509 4057 532 4091 e.
548 4057 637 4092 caueae
653 4036 810 4091 formidinis.
961 4037 1026 4092 ³88.
1042 4039 1159 4090 Alternus
1171 4040 1245 4091 uiues.
1259 4035 1338 4090 Gonl.
1349 4037 1431 4090 Vara.

409 4119 472 4174 381.
489 4118 585 4172 Melius.
597 4119 731 4182 Senecam,
744 4118 817 4188 quati
826 4119 842 4170 J
845 4137 875 4171 u·
921 4119 1006 4172 Lectt.
1021 4117 1055 4172 ad
1068 4119 1166 4172 calcem
1181 4113 1321 4187 tragedia.
