3130 5108
396 539 445 610 30
575 503 582 522 ⁸
685 540 723 607 n.
750 531 930 609 suntal
954 537 1161 608 sunnon

445 667 550 761 Cujus
569 665 757 759 triumphos
771 663 880 733 ultimi
903 668 997 770 Seres
1015 681 1163 752 canunt,

442 778 486 843 Et
506 774 655 867 quisquis
673 771 757 842 alius
779 775 860 843 orbe
878 789 1036 868 consepto
1052 776 1159 868 jacet,

443 884 541 952 [evis
560 899 627 966 est,
644 909 705 952 nec
720 881 815 952 illum
835 882 948 979 gloriae
969 885 1118 955 stimulat
1137 885 1247 957 decor.

440 997 539 1064 Errat
558 1017 617 1088 per
635 993 766 1080 orbem,
788 1019 855 1062 non
875 1009 913 1063 ut
928 1009 1078 1089 aequetur
1093 997 1184 1084 Jovi,

442 1107 514 1173 Nec
528 1119 566 1174 ut
583 1129 642 1198 per
660 1105 759 1172 urbes
778 1129 918 1197 magnus
933 1103 1105 1198 Argolicas
1121 1121 1194 1176 eat:

443 1215 545 1305 Quod
565 1229 673 1300 amet,
696 1213 861 1308 requirit:
880 1214 1047 1309 virginum
1066 1214 1227 1284 thalamos
1246 1216 1339 1310 petit.

440 1327 478 1394 Si
496 1351 562 1419 qua
581 1338 717 1419 negata,
735 1325 885 1417 rapitur:
909 1326 943 1392 in
968 1325 1109 1420 populos
1132 1326 1234 1414 furit,
1422 1354 1462 1396 oo

389 1460 392 1468 “
443 1438 573 1529 Nuptas
592 1435 698 1504 ruinis
715 1437 853 1528 quaerit3
877 1449 910 1502 et
929 1436 1048 1504 vitium
1070 1437 1235 1531 impotens

440 1548 559 1616 Virtus
576 1559 740 1614 vocatur:
761 1545 881 1614 cecidit
901 1545 1064 1616 OEchalia
1084 1547 1222 1643 inclyta,

441 1659 604 1750 Unusquc
623 1659 723 1726 Titan
746 1657 830 1724 vidit
848 1671 947 1750 atque
967 1683 1055 1726 unus
1073 1657 1141 1727 dies

440 1771 591 1836 Stantem
610 1781 643 1834 et
660 1765 844 1834 cadentem.
868 1769 975 1837 Causa
994 1765 1139 1836 bellandi
1156 1782 1206 1836 est
1221 1791 1336 1837 amor:

441 1878 552 1945 Toties
572 1876 721 1960 timebit,
742 1875 878 1946 Herculi
899 1893 1012 1945 natam
1036 1903 1155 1972 pareus
1421 1903 1461 1946 tas

438 1985 579 2074 Quoties
599 1985 751 2078 negabit;
770 1986 873 2054 lrostis
892 2001 958 2075 est,
977 1990 1109 2081 quoties
1126 2013 1218 2057 socer

441 2096 528 2164 Fieri
550 2111 703 2165 recusat:
724 2095 751 2164 si
778 2121 878 2190 gener
897 2123 966 2166 non
987 2113 1054 2184 est,
1073 2097 1164 2168 furit.

444 2209 522 2276 Post
537 2205 624 2292 hac,
640 2204 721 2299 quid
740 2207 819 2274 istas
838 2209 996 2276 innocens
1019 2233 1113 2277 servo
1134 2233 1267 2295 manus,

441 2320 557 2386 Donec
579 2317 745 2386 furentem
765 2317 914 2404 simulet,
935 2343 973 2387 ac
991 2343 1075 2386 secra
1094 2343 1196 2387 manu

440 2427 597 2496 intendat
618 2453 728 2514 arcus,
747 2453 866 2522 meque
888 2443 1068 2523 natumque
1090 2427 1286 2522 opprimat?
1422 2448 1461 2492 uo

438 2540 496 2608 Sic
514 2538 673 2632 conjuges
687 2537 822 2631 expellit
838 2537 971 2610 Alcides
990 2563 1086 2608 suas:

441 2653 521 2716 Haec
538 2662 615 2716 sunt
637 2644 798 2740 repudia!
817 2673 879 2716 nee
898 2663 1006 2741 potest
1027 2647 1098 2715 fieri
1118 2672 1251 2718 nocens.

439 2757 551 2830 Terris
573 2755 677 2825 videri
696 2756 874 2827 sceleribus
891 2783 1022 2827 causam
1046 2759 1115 2828 suis

435 2870 528 2940 Fecit
547 2892 733 2938 novercam.
747 2868 840 2957 Quid
857 2884 987 2964 stupes,
1010 2869 1118 2964 segnis
1137 2867 1254 2938 furor?

434 3068 501 3130 414.
517 3063 568 3115 Ula.
578 3059 656 3116 Seres.
668 3063 777 3132 Thyest.
792 3081 829 3116 vs.
841 3065 906 3117 380.
949 3085 1000 3118 nus
1017 3077 1043 3118 et
1057 3064 1175 3128 Plinius,
1196 3062 1243 3114 lib.
1257 3063 1308 3127 1v,
1323 3079 1380 3133 cap.
1401 3081 1418 3131 9
1436 3075 1462 3116 et

435 3145 500 3209 415.
519 3141 649 3212 Comepto.
662 3141 723 3194 Scil.
738 3142 862 3197 Oceano:
878 3145 904 3196 in
953 3163 1008 3197 rs:
1029 3143 1094 3196 used
1113 3145 1191 3195 tertia
1209 3141 1331 3207 Boeotio,
1348 3143 1461 3213 Euryti,

385 3226 455 3277 orbe
468 3241 545 3294 quem
559 3221 682 3274 Oceanus
693 3223 786 3275 ambit.
947 3226 1020 3294 juxta
1055 3222 1217 3287 nonnullos,
1252 3221 1344 3291 regia,
1378 3239 1459 3293 quam

364 3321 366 3329 ’
433 3307 500 3368 416.
519 3301 596 3353 Leve.
616 3303 649 3352 In
667 3320 757 3356 amore
777 3303 904 3356 multivo·
948 3303 1093 3357 Othalius
1114 3303 1197 3356 amnis
1217 3301 1348 3366 alluebat,
1365 3320 1462 3373 quam·

388 3385 449 3437 lus:
466 3383 671 3450 αλλοπρέσαὶλος.
948 3403 1000 3454 que
1020 3382 1153 3446 funditus,
1170 3395 1281 3452 propter
1305 3379 1462 3451 denegatam

431 3463 496 3523 trss.
509 3463 618 3531 Magnus
628 3499 635 3526 ,
647 3461 752 3514 virtutis
764 3463 848 3533 gloria
863 3463 903 3516 in·
947 3464 1039 3527 Iolen,
1060 3463 1187 3515 Hercules
1207 3457 1311 3514 evertit.
1324 3485 1335 3506 ·

391 3541 482 3614 signis.
991 3544 1057 3606 ⁴28.
1072 3543 1150 3608 Istas,
1166 3559 1246 3594 meas.
1257 3571 1297 3584 ω-
1309 3539 1406 3609 ltaque.
1422 3539 1462 3592 Ut

431 3627 497 3685 4²¹·
512 3619 619 3689 napus.
633 3619 723 3691 Supra
742 3639 780 3674 vs.
798 3621 844 3675 53.
864 3655 903 3664 —
948 3621 1081 3694 quondam
1089 3623 1222 3692 Megaram
1230 3622 1460 3689 liberosquesuos.

392 3704 524 3773 Inpotens,
536 3701 593 3752 scil.
606 3703 655 3752 sul.
947 3702 1056 3755 Hercul.
1066 3702 1127 3754 Fur.
1140 3720 1177 3754 rs.
1188 3699 1461 3771 347.-Natumque‚

433 3785 495 3844 4²¹·
509 3778 604 3833 Cecidit
615 3779 751 3834 OEclurlia.
767 3780 903 3834 Plutarch.
949 3782 1067 3852 Hyllum.

389 3859 425 3912 de
445 3859 625 3913 oraculorum
650 3859 753 3913 Delect.
770 3877 827 3932 cap.
846 3860 901 3912 13:
989 3861 1055 3923 431.
1079 3859 1142 3924 Sic,
1159 3858 1238 3912 caetle.

387 3931 498 4010 Ἡρακλῆς
508 3939 629 4007 Οἰχαλίαν
644 3942 775 4010 ἰπολιόριιει
786 3935 831 3991 tot
842 3959 903 4010 παρ·
990 3939 1055 4003 432.
1066 3941 1118 3992 Nec
1127 3953 1215 4012 potest.
1228 3938 1397 4008 Amovetqne
1409 3955 1462 3990 οε-

385 4021 463 4071 oties.
476 4049 516 4060 -
532 4019 677 4084 OEclmlio,
695 4038 750 4072 non
767 4021 829 4084 illa,
843 4039 901 4091 quse
947 4039 980 4072 su
994 4038 1047 4072 sure
1063 4021 1185 4091 conjugis
1198 4038 1258 4074 cum
1272 4018 1363 4070 liberis
1374 4017 1461 4069 scelus

388 4112 480 4168 postea
494 4095 611 4163 Chalcis,
628 4116 678 4150 nec
694 4117 723 4152 ee
737 4119 796 4171 quse
810 4099 837 4151 in
853 4113 902 4154 trt·
945 4100 974 4151 in
991 4098 1144 4152 lunonem:
1161 4099 1235 4171 quasi
1252 4097 1294 4150 ills
1309 4095 1461 4150 immisisset

387 4191 433 4232 ctu
448 4179 625 4243 Messeniam,
636 4175 671 4232 (le
682 4183 778 4253 quibus
791 4181 900 4252 Stepha-
944 4178 995 4250 ipsi
1010 4180 1135 4234 furorem.
