3220 5128
452 507 688 598 octsv'rs.
717 531 823 598 scr.
849 533 902 600 11.

198 650 347 748 lateque
363 644 492 740 fulgens
513 649 643 719 aetheris
664 652 777 744 magni
794 648 908 722 decus!

198 758 268 848 Qui
287 757 314 824 si
337 757 494 844 senescit,
513 774 625 829 tantus
643 761 678 828 in
697 785 819 830 caecum
837 761 938 830 chaos

200 869 348 935 Casurus
369 867 508 950 iterum,
527 893 617 938 uunc
633 867 727 938 adest
742 869 869 938 mundo
891 869 959 940 dies

199 979 383 1069 Supremus
400 973 476 1060 ille,
492 978 550 1069 qui
569 993 699 1071 premat
717 1003 821 1072 genus
838 980 977 1074 impium

200 1083 283 1155 Caeli
306 1085 420 1171 ruina3
441 1108 554 1154 rursus
572 1101 608 1154 ut
630 1087 765 1180 stirpem
784 1112 904 1156 novam

199 1197 366 1280 Generet,
382 1219 557 1264 renascens
573 1194 692 1264 melior
710 1223 718 1266 :
738 1212 774 1265 ut
795 1197 963 1290 quondam
980 1199 1057 1271 tulit

199 1310 355 1396 iuvenis,
378 1322 511 1377 tenente
534 1333 637 1400 regna
655 1311 800 1378 Saturno
821 1307 901 1405 poli.

200 1423 296 1488 Tunc
314 1416 371 1486 ilia
388 1418 495 1511 virgo,
514 1421 660 1488 numinis
678 1420 790 1512 magni
806 1423 899 1506 Dea,

196 1528 350 1612 iustitia,
371 1527 451 1597 caelo
469 1530 567 1598 missa
586 1554 662 1600 cum
685 1544 797 1599 sancta
817 1531 918 1618 Fide,

199 1643 319 1708 Terras
341 1638 475 1734 regebat
496 1640 610 1708 mitis:
636 1640 819 1709 humanum
839 1665 943 1735 genus

200 1753 278 1820 Non
299 1747 384 1818 bellu
403 1762 518 1836 norat,
538 1775 606 1818 non
625 1749 713 1818 tubae
731 1749 884 1820 fremitus
906 1766 1034 1840 truces3
1180 1783 1219 1827 a..

201 1862 278 1928 Non
297 1883 389 1926 arma
411 1873 544 1953 gentes3
560 1860 694 1953 cingere
712 1875 883 1930 assuerant
900 1873 975 1931 'suas

202 1968 310 2038 Muris
329 1992 390 2036 uec
413 1967 511 2036 urbes
526 1992 534 2034 τ
550 1969 701 2060 pervium
719 1971 847 2038 cunctis
867 1970 950 2055 iter3

203 2076 399 2145 Communis
417 2101 495 2145 usus
511 2079 660 2145 omnium
684 2102 793 2146 rerum
813 2078 887 2148 tuit.

202 2190 244 2255 Et
262 2184 446 2289 ipsa'tellus
466 2184 538 2254 laeta
557 2186 719 2257 fecundos
739 2188 832 2258 sinus

196 2397 260 2465 390.
278 2396 399 2448 AEtlreris.
416 2395 480 2450 Caeli
496 2395 662 2450 etsiderum.
708 2397 801 2450 mundi
833 2417 957 2468 suprema
990 2405 1108 2474 coegerit
1136 2407 1216 2475 bora,

198 2475 262 2542 391.
278 2474 392 2528 Senescit.
415 2476 470 2541 Qui
491 2476 512 2529 si
531 2477 662 2540 senescit,
708 2477 857 2548 Antiquom
871 2491 993 2548 repetens
1013 2479 1109 2535 iterum
1120 2484 1215 2553 cbaos;

156 2553 297 2625 aliquando
310 2555 474 2620 interiturus,
483 2567 512 2607 ut
524 2571 593 2606 novt
604 2573 665 2625 pro·
708 2555 797 2608 omnin
809 2557 897 2608 mixtis
907 2557 999 2611 Sidera
1013 2559 1144 2616 sideribus
1152 2583 1217 2619 con·

156 2633 243 2704 genios
262 2633 387 2687 succedat
410 2625 456 2704 (ex
474 2634 665 2687 nonnullorum
709 2648 832 2692 current,
846 2636 922 2705 ignea
942 2651 1054 2708 pontum
1074 2644 1152 2697 Astra
1164 2663 1214 2716 pe.

157 2710 667 2785 pbilosophorumsententia),ouncsaue
710 2725 784 2780 tent,
796 2714 873 2768 tellus
885 2716 1028 2772 extendere
1040 2719 1118 2774 litora
1127 2725 1214 2789 nolet,

157 2791 235 2846 instat
247 2805 365 2866 tempus,
379 2811 433 2863 quo
446 2811 526 2846 omne
536 2793 563 2846 in
573 2794 666 2863 praeci-
710 2794 888 2864 Excutietque
914 2797 1008 2850 fretum
1029 2819 1035 2850 :
1059 2800 1133 2854 fratri
1151 2822 1216 2858 con·

157 2872 205 2942 piti
224 2873 320 2925 vitium
344 2873 424 2926 stetit.
450 2905 489 2916 -
519 2873 550 2924 In
577 2892 665 2924 coecrrm
710 2873 788 2926 traria
808 2873 908 2926 Phoebe
933 2875 1003 2940 Ibit,
1026 2891 1052 2930 et
1075 2880 1215 2953 obliquum

157 2953 235 3004 cbaos.
247 2952 346 3006 Omnia
360 2970 474 3022 corpora
487 2954 672 3023 ouqxaxuuira,
710 2952 782 3022 bigas
792 2953 890 3022 agitare
901 2971 950 3022 per
962 2957 1055 3010 orbem
1066 2959 1215 3030 Indignata,

157 3031 282 3094 contusa,
302 3032 460 3103 composita,
482 3033 558 3083 etin
577 3050 662 3089 unum
709 3029 780 3083 diem
801 3045 894 3103 poscet
906 3032 977 3086 sibi:
993 3048 1099 3106 totaque
1114 3037 1216 3096 discors

157 3110 229 3180 qussi
237 3109 558 3176 conflata,ineadem,ex
567 3110 666 3182 quibus
708 3109 833 3164 Machina
855 3109 953 3165 divulsi
976 3115 1094 3167 turbabit
1118 3117 1217 3174 foedera

157 3191 328 3255 coaluerunt,
347 3189 503 3244 resolvenda
517 3191 666 3242 asserebant
709 3189 813 3244 mundi.
827 3215 838 3236 »
852 3220 890 3232 -
899 3191 971 3244 Nunc
980 3193 1049 3244 adest
1058 3197 1146 3248 niardo
1154 3198 1213 3252 dies.

157 3281 274 3322 veteres:
290 3289 322 3323 ex
339 3270 405 3323 cbao
424 3269 518 3340 igitur,
537 3287 582 3322 scu
595 3267 664 3321 indi·
710 3267 773 3322 vid.
785 3267 926 3322 Animadv.
1126 3335 1127 3343 ἵ

156 3361 226 3418 gesta
241 3349 329 3420 potius
344 3351 401 3418 ejus
417 3350 487 3401 mole
509 3343 550 3410 (ut
573 3347 664 3402 scribit
750 3347 1215 3416 396.Jumtsscit.m1udus.tteoem

157 3419 472 3498 Ovid.Met.1,7)ortum
483 3423 623 3488 mundum,
635 3427 663 3480 in
708 3439 785 3480 natus
798 3439 824 3480 ct
836 3426 886 3502 sub
900 3445 961 3498 regc
972 3427 1084 3484 Saturno
1096 3452 1201 3492 aureus.

156 3507 236 3560 cbaos
251 3506 346 3560 iterum
368 3508 404 3560 sit
417 3506 575 3560 rediturum.
597 3507 663 3558 Pro·
750 3508 815 3577 397.
852 3505 939 3576 Vrrgo.
969 3509 1076 3564 Astraia.
1104 3514 1214 3586 Thym,

156 3599 215 3655 pter
229 3586 427 3640 hancomuiurn
439 3588 468 3640 in
480 3587 664 3640 elementssoa
707 3604 746 3638 vs.
761 3586 828 3652 857.

156 3666 347 3720 resolutionem
362 3703 370 3730 ,
390 3665 509 3738 AEgypsii
528 3663 662 3718 mundum
749 3665 816 3733 398.
828 3663 899 3716 Fide.
918 3665 985 3730 Qua
996 3668 1105 3738 justitia
1118 3673 1214 3730 funda-

156 3743 241 3814 flgura
256 3745 386 3816 serpentis
400 3744 511 3798 caudam
527 3763 602 3798 suern
618 3743 662 3797 de·
706 3754 824 3795 mentum
838 3756 885 3797 est.
899 3743 962 3798 Vid.
975 3747 1115 3804 Animadr.

157 3825 290 3889 rorantia,
314 3825 504 3896 significabant.
519 3821 590 3876 Vide
603 3825 662 3876 Pie·
747 3823 813 3890 399.
825 3823 971 3878 Humanum.
982 3827 1088 3882 Hecsx
1095 3829 1217 3900 Hesiodi,

157 3903 237 3966 num,
248 3903 420 3975 Hierogiypb.
432 3903 479 3956 tib.
490 3904 565 3956 XIV.
576 3905 662 3956 Desa.
707 3901 783 3954 Arati
793 3914 820 3955 et
828 3901 919 3954 Ovidii
925 3902 1051 3977 descript.
1058 3909 1216 3967 notandum.

199 3983 266 4054 392.
295 3983 400 4037 Casurus
430 3987 522 4036 iterum.
552 3983 662 4036 Dixerat
749 3986 812 4044 dou.
834 3981 953 4044 Persium.
972 3985 1025 4038 Pet·
1040 4005 1133 4044 omnes
1146 3991 1213 4052 vias,

157 4060 229 4115 idern
240 4063 378 4127 Lucanus,
390 4063 414 4130 1,
429 4081 463 4132 7²
479 4081 538 4134 sqq.
559 4086 570 4109 ι
625 4062 664 4114 sio
709 4079 800 4113 omncs
815 4059 916 4115 domos.

156 4159 241 4210 quum
257 4161 384 4214 compage
400 4141 484 4196 soluta
508 4141 607 4195 Sacula
626 4145 666 4194 tot
751 4145 815 4203 dod.
827 4140 915 4205 Sinus,
929 4143 1071 4213 gremium.
