3130 5118
399 538 932 612 lurusuvuusrouus.
1131 537 1198 634 ¹⁶7

180 671 249 740 167.
267 669 331 738 Quis
344 679 429 721 sessu
438 668 569 731 erum.
583 673 636 741 puis
653 669 757 724 tumidus
781 668 874 741 Gyges.
894 670 937 723 Its
952 667 1061 724 meus
1082 680 1109 723 et
1125 669 1199 724 Flor.

142 747 278 801 ‘useondits
298 745 407 820 quidem
427 747 560 813 erutione,
574 761 601 803 et
615 767 659 804 sex
676 750 813 804 continuis
830 749 918 803 verbis
936 748 1014 803 sibilo
1033 748 1199 818 ter-minnist

136 827 211 898 quod
223 825 300 880 valde
313 828 492 882 invenustum.
504 829 560 882 Nee
570 831 697 894 meliors,
711 849 771 903 que
786 830 867 884 hebet
884 830 955 882 Flos.
972 828 1000 881 iu
1013 830 1199 899 sequentibus,

135 907 209 960 hoe:
225 907 387 960 Thessalicum
395 911 459 960 stitit
468 925 580 978 aggerem
592 910 711 980 caeloque,
720 911 771 964 uisi
782 909 855 981 quod
866 909 955 962 miuus
966 908 1054 980 pleoet
1062 908 1200 980 vulgetum

139 988 290 1040 Thessalicos
302 1005 418 1057 aggeres,
434 987 510 1058 quie,
521 1000 552 1041 ut
568 989 605 1042 uit
618 989 737 1044 Gronov.
750 1009 766 1043 e
777 989 923 1060 cespitibus
936 993 1038 1042 eouelst
1051 1004 1141 1060 egger,
1151 985 1200 1042 Gi·

136 1067 261 1137 gsutibus
283 1079 372 1142 eutem
387 1085 437 1138 pro
452 1067 599 1138 cespitibus
620 1081 724 1122 montes
742 1081 835 1132 eruut,
851 1087 867 1122 e
884 1067 983 1139 qulbus
1004 1085 1059 1120 nou
1078 1085 1202 1140 sgperes,

134 1145 183 1199 sed
194 1164 314 1218 aggerem
328 1145 463 1217 ingentem
476 1165 560 1200 uuum
573 1148 754 1220 ooustiperere
763 1187 771 1214 ,
781 1166 797 1201 e
806 1165 861 1220 quo
870 1148 898 1200 in
910 1147 1003 1200 celum
1015 1146 1200 1202 ascenderent.

136 1225 194 1279 lloe
207 1225 290 1297 igitur
303 1225 366 1280 iude
380 1227 522 1294 ucessivi3
537 1239 653 1282 oeteruus
668 1228 771 1281 semvi
785 1229 950 1300 reliquorum
962 1227 1093 1281 librorum
1104 1227 1198 1280 leetio·

137 1323 197 1358 uem
214 1306 267 1373 qu'
281 1306 497 1370 emtusBrlorsus,
508 1311 562 1378 qui,
573 1321 624 1362 ete.
638 1308 720 1380 Cujus
729 1307 865 1374 lectionis,
879 1305 962 1360 modo
972 1319 1045 1360 reete
1054 1304 1199 1373 disunuss,

137 1384 237 1455 optime
249 1397 288 1438 est
297 1385 432 1438 seutmtie.
444 1387 529 1439 liores.

178 1469 244 1534 174.
262 1464 379 1534 Cellapse
394 1465 462 1518 Deis.
478 1466 601 1520 lleiusiue
612 1465 724 1520 melebut
736 1466 832 1536 illapsu.
847 1463 900 1520 Sed
912 1466 1020 1535 collapsa
1037 1465 1098 1517 Deis
1111 1465 1200 1535 templs

137 1541 203 1614 quid
217 1544 288 1607 sint,
301 1541 363 1596 vide
376 1543 404 1596 iu
419 1545 505 1598 Notis.

179 1625 241 1677 180.
256 1623 479 1694 Measatajudeut.
493 1625 603 1678 Prselert
613 1625 702 1696 'Rupis
717 1645 753 1677 use
765 1626 826 1692 fata
838 1623 933 1695 jubent.
950 1624 986 1676 Et
1006 1622 1043 1676 sle
1063 1624 1197 1696 interpre-

138 1713 223 1755 tetur:
238 1702 369 1756 Graviora
381 1721 455 1774 pesse
468 1722 540 1770 eum,
551 1705 657 1775 gravius
668 1704 746 1758 etiem
759 1705 826 1758 ruihi
837 1701 993 1776 lugendum.

179 1783 242 1835 182.
257 1782 445 1854 Desterejuvot:
460 1803 485 1837 u.
495 1785 530 1852 pt.
542 1785 617 1836 dedit.
631 1781 708 1836 Haud
722 1781 1164 1848 dubie,obsersetGr0uor.edl1.
1177 1783 1195 1835 l.
1208 1789 1211 1794 ’

137 1859 237 1932 aliquid
246 1860 333 1927 deest,
345 1875 374 1915 ut
386 1864 472 1916 visum
487 1865 555 1916 Dsn.
568 1863 684 1918 Heinsio.
700 1864 858 1936 Dignissims
872 1880 935 1916 tero
949 1863 1045 1915 summi
1059 1862 1130 1914 illius
1147 1861 1198 1915 viri

137 1941 260 2011 iugenio,
273 1939 426 2012 dignissima
440 1943 545 1996 Senecae
557 1943 738 2014 interpositio,
753 1962 832 2014 quem
848 1940 1016 2007 feeit‚modo
1034 1942 1070 1994 its
1087 1942 1197 2012 coelige-

137 2033 196 2073 tur:
219 2047 231 2068 ι
244 2019 350 2073 Deflere
370 2023 453 2092 juvet.
475 2023 531 2075 Cur
550 2041 605 2076 non
625 2024 718 2075 oeulos
735 2024 828 2076 Plures
845 2023 938 2088 uobis,
958 2036 1008 2075 nee
1027 2021 1104 2092 plurs
1122 2020 1197 2074 dedit

137 2101 248 2152 Pectora
259 2100 365 2165 Tellus,
375 2113 406 2153 ut
420 2099 499 2172 digus
515 2114 610 2156 sonent
620 2102 730 2156 verbera
743 2103 811 2155 istis.
825 2127 836 2147 ι
850 2103 949 2172 Roget,
960 2120 1008 2154 cur
1022 2120 1077 2154 uon
1091 2099 1197 2155 dederit

136 2177 241 2244 Tellus,
261 2180 360 2252 quippe
381 2181 500 2232 omnium
524 2194 616 2234 meter.
639 2182 673 2238 At
689 2195 783 2235 contra
804 2200 858 2234 non
878 2199 974 2234 nemo:
997 2179 1036 2232 nil
1055 2180 1121 2233 tanti
1142 2193 1194 2232 est:

137 2277 265 2330 quorsum
283 2261 353 2312 enim
373 2259 442 2313 oculi
458 2258 492 2312 sd
505 2261 639 2330 planetum
650 2261 662 2313 Ρ
675 2272 715 2326 st,
727 2279 744 2314 ο
757 2261 840 2325 boue,
853 2278 909 2312 non
922 2259 992 2312 oculi
1008 2257 1042 2311 od
1059 2260 1194 2330 planctum

136 2339 295 2410 respiciunt,
306 2333 353 2392 sed
367 2337 399 2392 ed
410 2341 437 2393 τὸ
448 2339 552 2408 Deflete.
560 2340 649 2393 Verbo
661 2340 717 2392 lraec
727 2339 806 2392 luisse
816 2338 934 2393 auctoris
942 2339 1001 2409 quis
1009 2337 1099 2408 juret?
1109 2356 1198 2390 sensus

135 2431 205 2471 eerte
224 2419 341 2473 luerunt.
361 2419 499 2472 Posuimus
513 2419 607 2483 etium,
622 2418 728 2470 Verbera
741 2420 825 2487 satis,
845 2437 915 2483 noo,
934 2430 963 2469 ut
978 2419 1077 2488 vulgo,
1094 2416 1195 2468 derdere

134 2497 232 2566 planctu
242 2518 253 2551 .·
264 2498 324 2569 quio
340 2499 377 2551 sie
393 2499 511 2552 Florent.
528 2511 555 2552 et
572 2499 628 2569 ipsu
642 2499 743 2550 uerbera
762 2517 813 2570 pro
834 2496 943 2568 pleuctu
963 2495 1051 2550 dixit:
1070 2509 1100 2548 ut
1115 2494 1197 2566 digne

138 2577 256 2652 plaugum
268 2596 326 2630 mes
338 2577 397 2632 lats.

181 2659 244 2720 184.
256 2656 344 2728 Sipyli.
359 2657 502 2719 Pauciores
513 2655 640 2728 Sipylum,
655 2655 729 2727 quod
743 2655 849 2709 videtur
863 2655 965 2708 Botheo
976 2653 1080 2708 lectius.

180 2737 243 2791 185.
259 2736 329 2788 Fleb.
341 2722 424 2789 sexum
432 2736 533 2807 fingite,
546 2735 640 2806 Superi.
657 2737 762 2807 Lipsius
777 2754 792 2788 e
805 2735 863 2788 MS.
873 2731 972 2806 fingite.
989 2735 1029 2788 Eo
1044 2747 1120 2806 putet
1133 2733 1197 2787 Del·

137 2817 193 2868 rius
208 2816 360 2869 confirmari
381 2830 495 2870 veterem
519 2815 696 2887 suspicionem
715 2833 788 2868 susm
808 2814 889 2886 figite.
910 2815 971 2868 Non
990 2833 1084 2884 corpo,
1111 2813 1199 2885 inquit

138 2895 281 2960 Gruterus,
291 2894 338 2949 sed
355 2896 393 2948 sic
407 2896 496 2949 nullus
513 2883 594 2948 tiator.
606 2908 632 2949 ut
643 2895 715 2948 Flor.
728 2913 851 2966 quoque,
857 2894 963 2966 fingam
975 2891 1057 2964 idque
1069 2894 1126 2946 sine
1143 2893 1196 2946 ulls

137 2976 285 3045 suspicione
295 2975 492 3046 recipiendum,
511 2977 547 3029 uit
560 2975 644 3027 Grou.

181 3057 245 3108 see.
259 3053 327 3107 Siloa
342 3074 458 3108 sororum.
472 3055 549 3108 MSS.
563 3055 618 3107 fere
633 3071 739 3116 omues,
754 3055 824 3106 turba
838 3072 953 3106 soror-urs.

181 3137 242 3203 189.
264 3134 364 3188 Addite.
380 3135 454 3189 MSS.
470 3136 560 3200 8032,
579 3133 669 3198 8033,
688 3133 776 3185 addite.
788 3165 828 3174 —
840 3133 950 3187 Gentem.
962 3132 1006 3185 Sic
1017 3131 1090 3194 Nos,
1104 3142 1196 3194 eontrs

140 3214 245 3284 vulgett.
260 3218 351 3283 gemit,
364 3233 425 3268 eum
437 3213 554 3266 Floreat.
569 3213 602 3265 Et
619 3210 735 3267 viridior
748 3225 787 3266 est
804 3213 900 3277 lectio,
915 3229 964 3282 per
978 3229 1060 3283 quoru
1073 3227 1132 3264 sues
1146 3210 1196 3263 sibi

142 3305 227 3363 pestes
239 3293 296 3365 ipsu
310 3295 430 3347 attribuit
440 3294 505 3346 Iole.
519 3293 584 3346 vid.
597 3293 661 3345 Not.

181 3390 241 3442 ¹9⁰·
257 3374 367 3426 Edonos.
382 3375 459 3427 MSS.
474 3391 566 3426 omues
577 3385 605 3425 et
616 3373 682 3425 Pell.
698 3371 818 3425 Edonias.

181 3469 244 3521 19².
258 3453 371 3506 Daulias.
387 3454 465 3507 MSS.
482 3453 604 3505 Daunias.
616 3481 656 3494 --
667 3449 735 3503 Solet
743 3453 855 3505 Ismaria.
868 3449 945 3503 MSS.
962 3450 1053 3513 tore,
1068 3449 1143 3502 solut
1152 3450 1187 3500 Is.

182 3533 245 3602 195:
261 3533 352 3604 Cypria
366 3532 596 3585 larimomnes
608 3531 655 3583 lib.
666 3532 737 3600 vulg.
752 3531 855 3601 Cyprias
867 3531 993 3602 lacrymas.

180 3618 243 3677 ²⁰4·
253 3614 362 3682 Querulo
370 3613 494 3665 Murmure
503 3630 580 3664 casm.
590 3611 711 3664 Gronov.
719 3630 743 3682 q.
754 3611 844 3664 Meum.
851 3621 958 3682 questro,
968 3621 994 3662 et
1004 3605 1095 3661 eddit:
1106 3607 1198 3676 ·Lips.

139 3709 154 3742 e
168 3690 226 3744 MS.
240 3708 358 3746 murmure
373 3711 463 3746 essm:
478 3689 556 3755 dein,
567 3692 639 3758 sarra
656 3690 773 3762 loquetur.
793 3690 870 3742 l'rins
883 3707 938 3742 nou
959 3689 1026 3741 tuuti
1042 3688 1093 3740 luit
1111 3687 1198 3740 eruieo

140 3773 210 3839 ejus,
222 3785 253 3826 ut
268 3767 496 3825 eourmeruoreret.
508 3772 595 3824 Immo
604 3783 729 3841 tunquam
740 3770 813 3822 ultro
824 3767 970 3822 defendens
979 3767 1130 3838 vulgatum,
1147 3769 1198 3825 τοῖς

139 3852 235 3920 querulo
253 3852 396 3923 questuosit
418 3848 511 3905 ludere
531 3848 671 3903 vocabolo.
694 3849 755 3902 Nou
770 3847 837 3902 sdeo
849 3851 956 3920 jejssuus
978 3859 1033 3900 erut
1055 3845 1198 3917 puerilium

139 3929 282 4000 figurarum
298 3931 406 3984 Senees.
426 3930 560 3984 Posterius
577 3930 677 4000 recepit
692 3927 807 3982 duorum
824 3945 931 3982 suorum
946 3927 1109 3981 eumoritste.
1129 3924 1200 3978 Gru·

140 4020 211 4063 tertre
226 4024 371 4083 utrumque
392 4009 488 4064 melius
505 4011 617 4075 letetur,
634 4009 657 4062 si
671 4007 864 4062 adsentirentur·
881 4005 962 4062 ruodo
986 4007 1062 4060 MSS.
1088 4003 1200 4058 codices.

140 4089 207 4142 Setis
216 4102 255 4144 est
264 4089 399 4154 eedieesu,
409 4101 474 4160 puts
488 4091 562 4144 Flos.
579 4113 591 4138 ι
632 4135 634 4140 ,

182 4172 242 4224 006.
261 4169 343 4224 Forte
356 4170 473 4242 loquetur.
485 4169 609 4240 Plerique
619 4168 697 4224 MSS.
708 4180 734 4223 et
745 4166 825 4224 codd.
839 4167 908 4220 mide
920 4167 967 4236 loq.

974 4265 1030 4330 11i
