3130 5108
293 541 579 612 HERCULES
606 543 821 612 OETAEUS.
847 545 956 613 ACT.
982 547 1006 611 l.

261 663 455 735 Lacrimas:
474 661 557 731 alius
577 661 657 732 llere
680 665 793 732 ruinas

258 775 337 842 Mea
356 773 423 842 fata
442 772 570 865 jubent.
589 774 674 862 Quae
691 774 799 869 prima
820 777 963 868 querar?

240 885 347 973 *Quae
369 907 499 952 summa
520 886 675 976 gemam?
696 885 820 979 pariter
840 901 959 954 cuncta

259 993 393 1061 Deflete
412 993 530 1086 juvat:
552 1017 614 1061 nec
632 991 728 1087 plura
747 993 837 1062 dedit

264 1107 400 1172 Pectora
421 1099 539 1187 tellus,
563 1116 601 1170 ut
618 1101 719 1195 digna
740 1119 856 1170 sonent

264 1212 412 1280 Verbera
433 1209 534 1280 fatis:
557 1236 609 1279 me
625 1208 679 1280 vel
698 1209 804 1305 Sipyli

263 1321 390 1391 Flebile
410 1345 525 1390 saxum
545 1320 678 1415 fingite,
701 1322 839 1414 Superi,

263 1432 325 1502 Vel
345 1433 380 1500 in
398 1432 538 1502 Eridani
555 1433 669 1526 ponite
685 1432 784 1526 ripis,

262 1543 330 1612 Ubi
351 1557 467 1612 moesta
486 1556 583 1611 sonat
600 1539 906 1611 Phaethontiadum

261 1649 349 1721 Silva
370 1676 548 1722 sororum:
571 1675 624 1720 me
642 1649 694 1720 vel
715 1649 834 1720 Siculis

260 1757 506 1856 Additegsaxim
523 1761 581 1829 ubi
600 1761 666 1830 sata
685 1785 813 1856 gemam

262 1868 419 1941 Thessala
439 1871 560 1940 Siren:
580 1869 631 1939 vel
651 1871 686 1938 in
704 1870 837 1940 Edonas

261 1979 383 2050 Tollite
401 1980 519 2069 silvas;
538 1980 645 2075 qualis
662 1997 780 2051 natum

113 2189 244 2254 Statium,
264 2187 361 2241 Achill.
379 2190 410 2253 1,
433 2187 512 2257 195:
541 2207 628 2243 naxo
672 2188 761 2255 lib.1,
782 2189 923 2242 Pausanias
943 2189 970 2242 in
992 2188 1101 2256 Atticis,
1123 2190 1181 2245 Ste·
1214 2240 1218 2248 .

113 2269 259 2323 collabitur
271 2268 364 2339 ingens
377 2268 534 2322 Centaurus.
546 2294 557 2316 ι
672 2268 776 2340 phanus
789 2266 824 2322 de
837 2268 948 2321 urbibus
961 2301 969 2327 ‚
991 2281 1016 2320 et
1027 2267 1184 2325 Plutarchus

157 2348 309 2419 179.Alr'as
318 2352 494 2418 utnusquam
503 2347 629 2419 sacrilega
672 2349 701 2400 in
714 2349 774 2400 libr.
786 2346 820 2400 da
832 2347 928 2401 fluviis.
942 2348 1031 2400 Dm.
1045 2380 1084 2390 -
1095 2350 1184 2403 Theo·

114 2429 280 2501 templorum
290 2440 316 2480 et
327 2440 451 2499 penatum
464 2426 577 2481 excidia.
673 2425 798 2490 doridas,
818 2427 911 2497 Epigr.
929 2427 1001 2490 Vll,
1030 2445 1069 2479 vs.
1094 2432 1129 2493 6,
1152 2429 1181 2482 in

157 2511 223 2562 180.
232 2509 296 2577 Qua
302 2511 383 2576 prima
395 2501 501 2578 querar?
511 2507 548 2560 Ut
556 2503 627 2577 apud
671 2519 784 2559 statuam
796 2505 889 2558 Niobae
899 2526 905 2556 ε
916 2497 938 2558 l
949 2499 978 2558 dl
987 2506 1043 2576 λίθῳ
1056 2505 1098 2558 καὶ
1110 2511 1182 2578 σαρκὶ

116 2588 193 2658 virg.
209 2585 380 2652 AEneid.1v,
393 2605 432 2639 va.
446 2590 517 2656 677:
533 2582 626 2651 ¹=Quid
672 2587 821 2657 μιμιγμίνον
842 2578 906 2645 eldat
931 2585 1021 2652 ἔχουσα
1036 2588 1182 2656 Πιτροῦται·

115 2669 236 2737 primum
248 2663 351 2719 deserui
362 2665 628 2738 queml-,UbiSer-
671 2664 770 2733 ςενοὶχιι
791 2659 817 2716 d'
843 2664 970 2735 λψιπαγὴς
993 2664 1104 2726 Σίπυλος.
1129 2667 1183 2718 Lu-

115 2747 189 2800 sius:
207 2771 220 2794 ι
232 2744 305 2813 Quid
315 2746 403 2818 prius,
418 2743 485 2816 quid
498 2744 628 2814 posterius
672 2745 779 2808 cianus,
803 2744 884 2814 lmag.
904 2745 938 2795 1:
960 2745 993 2796 Σὺ
1006 2743 1055 2815 γὰρ
1068 2745 1116 2799 ὑπὸ
1131 2753 1180 2800 τῶν

116 2823 250 2891 dicimus,
272 2826 319 2878 ubi
341 2825 431 2879 omnio
452 2835 478 2876 et
502 2824 575 2896 paria
602 2836 629 2876 et
673 2824 802 2895 perpessione
834 2823 877 2876 ael
905 2823 970 2876 ποίου
1000 2819 1090 2894 ῥᾳδίως
1121 2828 1181 2879 αὐτὸ

116 2925 212 2977 magna
228 2915 299 2960 sunt.
312 2930 324 2952 ι
672 2903 790 2972 πάσχεις·
807 2903 855 2962 dra
871 2905 961 2954 θᾶττον
976 2903 1004 2956 οἷν
1020 2923 1056 2963 τις
1074 2905 1126 2957 ὅλον
1140 2907 1181 2959 τὸν

161 2988 228 3040 182.
242 2983 338 3062 Defiere
346 2985 433 3054 juret:
445 3001 488 3034 nec
499 2982 572 3052 plura
586 2983 627 3034 de·
672 2983 776 3035 Σίπυλον
790 2981 1014 3052 μετακινῆοιιιν,ἣ
1031 2982 1059 3033 ol
1075 2991 1124 3036 τῶν
1141 3005 1185 3038 κα-

117 3063 163 3117 dtr.
174 3063 251 3117 Nihil
265 3063 355 3116 deest:
371 3083 414 3116 nec
429 3061 500 3114 enim
518 3062 629 3132 ponitur
671 3067 719 3114 λῶν
734 3062 841 3131 ἀπάγοι,
862 3061 897 3131 μὴ
918 3061 971 3129 οὐχὶ
987 3062 1127 3133 superduci
1139 3066 1183 3117 et-

118 3163 184 3213 pro,
207 3141 256 3197 sed
273 3162 343 3209 non,
363 3156 395 3197 ut
412 3142 439 3194 in
454 3141 506 3194 hoc
520 3141 628 3214 Virgilii
673 3143 723 3201 τοῖς
737 3141 875 3208 samma,
895 3141 937 3193 καὶ
956 3136 1137 3211 Ιπιδωιρύοντοί
1154 3164 1182 3214 γε

119 3223 383 3294 Georg.ll‚vs.96:
402 3220 628 3274 -ueccellisideo
672 3220 803 3280 πολλάκις,
821 3219 903 3291 ὥσπερ
922 3220 1014 3278 derisus
1039 3222 1113 3279 αὐτὴν
1138 3227 1182 3280 τήν

120 3301 253 3356 contende
266 3301 392 3356 Falernis.
404 3326 415 3348 ι
437 3299 472 3352 Et
484 3297 555 3371 apud
570 3299 626 3356 Cio.
673 3305 714 3352 τοῦ
726 3298 863 3353 Ταντάλου.

119 3371 353 3453 Topic.oap.1o(
367 3381 399 3433 al.
412 3397 428 3450 7
439 3368 465 3446 l:
484 3406 495 3426 a
506 3378 527 3432 si
541 3397 628 3450 neque
717 3380 781 3432 186.
803 3378 918 3430 Eridani.
933 3375 1017 3444 Padi,
1038 3378 1113 3432 llurii
1131 3381 1184 3435 Ita·

121 3477 219 3527 censu,
237 3478 325 3532 neque
339 3458 471 3524 vindicta,
487 3475 537 3512 nec
554 3470 645 3512 testu.
672 3456 732 3521 liae,
757 3459 832 3530 cujus
850 3457 878 3510 in
898 3455 963 3526 ripis
982 3477 1087 3532 sorores
1101 3460 1183 3515 Phae·

12 3597 13 3612 χ
120 3552 211 3594 muto
225 3540 295 3592 liber
308 3539 391 3591 faetus
406 3551 459 3602 est,
474 3556 529 3590 non
547 3549 586 3590 est
599 3537 631 3590 li·
674 3537 776 3590 tboutis
796 3553 884 3590 casum
904 3536 992 3590 fratris
1012 3537 1132 3608 lugentes
1153 3541 1182 3594 in

120 3618 185 3672 ber:
198 3639 275 3691 nequa
287 3630 326 3670 est
340 3619 393 3671 ulla
405 3636 495 3671 earum
508 3635 626 3671 rerum·
675 3615 762 3682 alnos,
777 3635 822 3669 seu
833 3614 962 3686 populos,
974 3629 1080 3671 mutatae
1094 3633 1161 3672 sunt.

121 3698 184 3753 vid.
200 3698 344 3752 Animadv.
720 3698 784 3765 189.
807 3695 874 3746 Fata
891 3713 994 3762 gemam.
1016 3695 1100 3768 Supp.
1123 3717 1183 3752 mea.

164 3781 229 3841 184.
248 3779 292 3830 Me
305 3779 358 3842 vel,
379 3789 409 3830 ut
423 3775 537 3830 Nioben.
550 3775 630 3829 Cous.
676 3775 736 3845 Ipso
756 3776 827 3827 euim
847 3771 911 3826 addi
929 3773 981 3828 illis
999 3786 1026 3828 et
1043 3795 1078 3830 ex
1094 3796 1185 3832 earum

122 3855 197 3912 Hae.
213 3858 277 3910 Fur.
290 3857 363 3926 389,
377 3869 404 3908 et
414 3857 506 3926 Agrum
516 3857 579 3926 370.
592 3884 632 3895 -
676 3854 799 3907 Sirenum
808 3871 921 3905 numero
935 3853 993 3906 fieri
1002 3856 1074 3909 velit.
1088 3856 1139 3910 Sed
1151 3856 1185 3911 ad

124 3934 209 4007 Spylr'.
223 3937 268 3990 hle
287 3936 321 3990 ad
339 3938 421 3990 instar
435 3935 533 3990 Niobes
554 3935 581 3988 in
598 3953 635 3987 aa·
677 3933 706 3986 b.
721 3934 739 3985 l.
753 3933 787 3988 el'.
800 3931 1145 4006 Animadinvocegemam.
1197 3982 1200 3988 .

124 4034 185 4069 xum
195 4018 241 4071 uit
252 4029 372 4082 mutent,
391 4027 418 4068 et
431 4016 460 4067 in
474 4014 568 4086 Sipylo
581 4027 634 4067 sta·
722 4031 786 4082 ¹90·
798 4012 912 4065 Thessala
923 4012 972 4066 Sr'r.
989 4015 1012 4066 Δ
1019 4017 1189 4086 patreAche-

12 4113 13 4120 ¹
125 4095 399 4167 manhfflaclsylusin
413 4094 633 4158 trimenstruo
679 4091 1187 4164 loo,quie'l'bessalia.bled.355.-

123 4163 210 4229 llum
218 4173 392 4249 rfrsbzlo'sesid
400 4173 635 4230 confirmassem.
679 4171 790 4238 Edonas,
797 4172 923 4226 Thracias
934 4174 968 4226 ab
980 4171 1074 4228 Edone
1085 4186 1186 4228 monte.
