3130 5108
364 515 410 588 50
660 517 699 586 L
725 517 904 590 ANNAEI
929 517 1146 588 SENECAE

409 645 534 714 Natum
552 653 729 736 paventem
748 664 851 709 cerno
873 655 908 709 et
925 639 1056 710 ardenti
1078 641 1163 736 pede
1395 672 1431 718 ‚s

410 756 554 823 Gressus
572 750 756 820 ferentem:
775 775 913 845 prome,
936 750 1019 845 quid
1039 765 1152 845 portes
1174 755 1262 822 nori.

492 966 724 1078 umus,
757 991 1043 1078 nstrum,
1076 994 1293 1064 uursrx.

408 1253 496 1303 m.
523 1232 557 1314 1,
574 1227 735 1324 profuge,
755 1251 879 1324 quiere,
899 1228 925 1296 si
947 1227 1031 1322 quid
1052 1226 1192 1300 ulterius
1209 1246 1302 1325 patet

403 1345 534 1432 Terris,
553 1340 660 1429 freto,
682 1341 859 1428 sideribus,
877 1343 1033 1428 Oceano,
1052 1343 1190 1414 inferis:

406 1456 508 1530 Ultra
527 1454 681 1538 labores,
703 1466 829 1541 mater,
851 1451 978 1523 Alcidre
999 1452 1088 1548 fuge.

404 1591 528 1639 nmis
545 1565 666 1638 Nescio
681 1562 773 1658 quod
791 1563 922 1632 animus
938 1561 1063 1657 grande
1078 1564 1232 1659 praesagit
1247 1563 1384 1635 melum.
1397 1587 1434 1638 ⁷⁴⁵
1544 1577 1546 1586 ⁴

407 1700 491 1747 ms.
511 1678 652 1769 Regna,
671 1672 866 1765 triumphe,
886 1670 1008 1766 templu
1026 1673 1167 1742 Junonis
1190 1688 1288 1767 pete:

406 1791 486 1856 Haec
506 1785 566 1854 tibi
586 1796 721 1876 patent3
743 1780 884 1850 delubra
904 1781 1064 1876 preclusa
1085 1785 1208 1854 omnia.

408 1919 531 1966 neser.
555 1891 690 1976 Effare,
709 1891 768 1985 qui
786 1915 839 1959 me
855 1916 951 1961 cesus
966 1893 1131 1963 insontem
1151 1911 1295 1990 premat.

407 2029 492 2076 nu.
514 2009 626 2076 Decus
645 1999 730 2070 illud
749 2000 856 2089 orbis,
874 2016 975 2096 atque
992 2004 1183 2097 praesidium
1202 2008 1359 2095 unicum,

409 2117 518 2206 Quem
539 2113 607 2182 feta
624 2111 720 2180 terris
739 2111 774 2178 in
794 2109 905 2180 locum
925 2112 1087 2183 dederant
1102 2116 1211 2203 lovis,
1396 2139 1437 2193 7⁵0

410 2229 443 2294 0
461 2236 587 2309 mater,
606 2221 714 2290 abiit:
734 2220 902 2306 membra,
923 2237 956 2290 et
971 2223 1155 2295 Herculeos
1173 2241 1266 2297 toros

406 2336 486 2406 Urit
506 2332 577 2404 lues
594 2331 706 2402 nescio
724 2355 790 2426 que
808 2356 817 2398 τ
837 2331 896 2425 qui
921 2330 1052 2402 domuit
1070 2334 1172 2423 feras,

408 2442 489 2532 Ille,
509 2441 565 2513 itte
584 2444 692 2511 vietor
711 2441 877 2528 vincitur,
897 2456 1034 2530 moeret,
1052 2441 1153 2512 dolet.

411 2553 507 2646 Quid
525 2553 645 2648 quaeris
662 2549 774 2620 ultra?
789 2575 913 2621 nestri.
931 2551 1081 2622 Miserias
1100 2570 1284 2648 properant
1302 2582 1380 2627 suas

410 2664 540 2735 Audire
557 2661 669 2730 miseri
688 2687 695 2727 :
718 2659 805 2746 fare,
823 2685 892 2755 quo
912 2661 1018 2753 posita
1036 2662 1071 2730 in
1088 2677 1177 2731 statu
1400 2687 1440 2741 ‚ss

410 2779 485 2844 Jem
507 2785 621 2841 nostre
640 2769 759 2838 domus
777 2785 849 2839 est:
871 2796 891 2839 ο
907 2768 1011 2857 lares,
1032 2773 1144 2840 miseri
1160 2771 1263 2845 lares!

409 2887 511 2954 Nunc
528 2879 645 2968 vidua,
664 2905 755 2948 nunc
771 2877 929 2973 expulsa,
951 2906 1041 2951 nunc
1057 2881 1148 2951 feror
1165 2884 1303 2958 obruta!
1319 2960 1323 2970 ,

413 3017 498 3065 nrt.
518 2993 596 3064 Non
619 2988 688 3058 sole
704 3014 833 3059 rnoeres.
853 2989 1014 3060 Hercules
1033 3005 1105 3061 toto
1121 2992 1212 3086 jacet

411 3099 544 3174 Mundo
561 3095 765 3195 gemendus:
782 3097 849 3167 fata
868 3124 933 3187 ne,
951 3115 1077 3188 meter,
1095 3115 1153 3172 tua

412 3212 548 3282 Privata
566 3207 680 3278 credas
695 3232 704 3276 z
722 3207 792 3301 jem
811 3233 915 3303 genus
934 3224 1043 3279 totum
1061 3211 1235 3306 obstrepit.
1402 3239 1443 3292 ,ω

413 3324 537 3408 Hunc,
559 3315 685 3413 ejulatu
705 3342 804 3412 quem
825 3320 944 3413 gemis,
963 3321 1074 3390 cuncti
1092 3337 1239 3416 gemunt.

411 3532 477 3598 741.
494 3519 590 3575 Proin.
604 3521 737 3576 Juvenum
752 3534 880 3593 properet
963 3524 1026 3592 746.
1040 3523 1157 3594 dogna,
1185 3527 1323 3600 triumpha,
1353 3531 1442 3603 templa

367 3605 475 3677 ,dloqui
490 3599 624 3672 Dejnnire.
922 3601 1026 3654 Junorrr'r
1048 3615 1112 3672 pete.
1140 3605 1316 3664 Sareaemus:
1345 3612 1444 3665 trium·

406 3677 792 3749 Aet.111‚sc.1r.Postqunm
803 3679 879 3734 intel·
922 3680 976 3752 phe
994 3679 1068 3752 quasi
1084 3701 1114 3735 re
1130 3695 1236 3739 strenue
1253 3702 1341 3758 geete:
1359 3691 1444 3744 neri·

367 3766 436 3822 luit
449 3759 547 3818 funeri
563 3757 680 3810 muneris
694 3757 812 3823 malum,
825 3761 880 3813 De·
923 3760 987 3823 fiet,
1003 3758 1049 3812 sed
1062 3761 1164 3816 Junoni
1175 3765 1238 3830 soii,
1251 3769 1296 3821 cui
1311 3769 1443 3825 Herculis

363 3845 451 3920 juin
462 3839 513 3894 sibi
525 3849 638 3891 mortem
650 3836 797 3890 consciscit.
924 3857 996 3892 mors
1021 3839 1079 3892 lete
1105 3841 1217 3914 obtigit,
1246 3849 1353 3902 ceteris
1382 3849 1443 3903 Diis

406 3917 825 3993 742.v1r0rtusmris.ltem0mm
841 3917 880 3971 nl·
923 3930 1023 3970 moestn.
1033 3919 1086 3972 Ins.
1098 3939 1135 3974 vs.
1149 3928 1233 3992 1547.

367 4017 409 4060 tn
424 4014 516 4057 term·
963 3996 1030 4067 7⁵¹·
1055 3998 1142 4054 Toms.
1165 4002 1291 4058 Leeertos
1313 4018 1343 4058 et
1369 4019 1445 4061 ntus

403 4085 471 4152 744.
485 4075 605 4132 latam,
618 4073 740 4150 regiones
756 4073 879 4146 Hereulis
923 4089 978 4130 tem
993 4077 1158 4147 praevalidos.

362 4160 500 4217 lebetibus
512 4155 639 4227 insigues.
965 4159 1029 4228 760.
1045 4157 1145 4228 Genus,
1160 4159 1308 4216 bumeunm
1321 4182 1421 4236 genus.
