3130 5118
361 473 423 548 illa
596 477 650 548 IN
677 424 966 548 itttucuuert
991 477 1209 548 OETAEUM

397 613 462 680 809.
480 611 576 678 Quoerit
590 620 615 660 et
628 613 741 680 sequitur.
758 609 830 663 Flor.
846 615 953 682 seqnitur
965 623 989 663 et
1002 615 1098 683 querit.

397 691 465 743 811.
486 691 637 743 Purum‘sui
652 690 735 758 Persas
753 689 857 761 reliquit.
879 689 1066 759 Florentinus,
1087 709 1203 761 pureum
1229 690 1302 763 quod
1319 685 1423 764 probat'

354 769 501 841 recipitque
514 767 662 836 Badenius3
676 770 704 821 τὸ
716 787 803 839 porum
813 810 821 833 ,
833 767 973 824 damnante
988 788 1079 835 versu,
1095 782 1125 822 ut
1136 770 1184 824 ait.

396 849 464 903 813.
486 848 543 899 Hae
564 867 651 912 mauu,
670 850 762 920 iuquit,
780 848 826 900 linc
834 850 913 916 seror.
928 849 970 902 Sic
986 849 1092 921 Lipsius
1112 867 1128 902 e
1149 850 1235 915 libro,
1255 869 1312 904 non
1331 849 1415 906 modo

353 929 446 982 Delrio
458 926 651 1000 applaudente,
665 926 710 980 sed
725 940 751 980 et
766 926 914 1000 scaligero,
928 929 975 1000 qui
988 931 1065 982 etiarn
1079 927 1153 982 addit
1168 948 1175 982 ε
1188 930 1248 1000 qnia
1260 930 1415 1000 improbare

352 1007 467 1062 audeat?
480 1027 536 1062 rem
547 1024 602 1060 non
613 1008 807 1078 improbamus,
824 1006 869 1062 sed
883 1009 1043 1079 positionem
1056 1026 1169 1074 vocum,
1182 1021 1290 1064 auotore
1304 1009 1415 1065 Floren-

351 1087 428 1142 tino:
449 1089 523 1141 «ban
544 1105 639 1153 manu,
662 1087 727 1152 hac,
747 1087 849 1158 inquit,
869 1087 948 1142 ferar.
967 1114 978 1135 ·
1006 1088 1084 1142 Ratio
1109 1101 1148 1141 est
1170 1087 1278 1152 eadem,
1303 1089 1413 1160 quein

352 1169 490 1238 proximo,
513 1166 574 1238 qnia
591 1167 709 1219 iambum
723 1163 778 1220 illio
790 1165 905 1222 damnat.
926 1167 1017 1222 Statim
1033 1165 1119 1232 idem,
1137 1186 1176 1221 vs.
1192 1187 1248 1239 seq.
1262 1186 1270 1222 ι
1284 1168 1413 1231 Herculem

349 1247 513 1300 oieitLirlras.
524 1244 655 1299 «Videtur
663 1246 721 1300 baro
731 1246 860 1299 eorrectio
875 1249 946 1318 ejus,
958 1247 1047 1320 inquit
1058 1247 1152 1312 Both„
1169 1247 1215 1320 qui
1224 1249 1411 1319 repetitionum

349 1326 466 1398 ejusdem
481 1325 555 1380 verbi
569 1344 623 1379 non
639 1323 775 1379 serendam
789 1343 843 1379 esse
854 1327 1035 1380 arbitraretur.
1050 1326 1102 1381 Setl
1114 1327 1148 1380 cf.
1161 1327 1230 1380 inira
1242 1346 1281 1381 rs.
1296 1326 1371 1382 1516
1385 1341 1414 1382 et

348 1426 387 1478 sq.
399 1406 454 1460 Neo
472 1405 567 1459 desunt
582 1405 680 1458 similes
694 1405 738 1458 alii
750 1417 892 1475 poetarum
906 1405 979 1473 loci,
1000 1420 1026 1460 et
1041 1405 1150 1478 quideru
1159 1407 1339 1460 efficacissimi.
1354 1433 1366 1454 ι

389 1490 454 1542 Gao.
468 1487 572 1554 luserint
586 1496 664 1537 tamen
686 1486 722 1536 Ee
741 1485 788 1536 tela
804 1487 911 1555 fugient.
926 1485 1004 1553 Grut.
1025 1487 1052 1538 h.
1076 1487 1096 1539 l.
1116 1485 1152 1538 ita
1169 1486 1295 1538 exhibet:
1311 1487 1413 1554 iuferius

351 1577 429 1618 tumen
443 1566 533 1636 Fugt'et
542 1566 644 1617 arundo.
661 1563 703 1618 Itu
716 1563 787 1617 huno
803 1565 891 1617 locum
905 1563 1051 1618 sanandum
1064 1563 1165 1637 putuvit
1175 1563 1216 1618 vir
1226 1563 1271 1618 ille
1280 1565 1412 1632 eruditus,

347 1645 419 1699 nuda
432 1644 528 1699 ductus
537 1644 721 1708 hariolatione,
731 1661 814 1714 quum
830 1643 897 1697 MSS
909 1657 935 1697 et
945 1643 1007 1698 edd.
1020 1659 1083 1700 vett.
1098 1644 1257 1720 preberent,
1271 1671 1282 1692 ι
1296 1645 1411 1699 inferius

347 1735 436 1780 tamen
448 1725 563 1796 fugiente
573 1736 688 1789 trunco,
701 1721 802 1794 »quod
815 1735 908 1776 natum
922 1741 953 1776 ex
966 1724 1057 1795 priore
1066 1724 1111 1778 illa
1120 1725 1259 1795 scripture,
1274 1725 1349 1778 facile
1360 1723 1409 1778 de·

347 1804 512 1876 prehendet,
539 1803 641 1875 inquit,
654 1803 700 1874 qui
724 1821 806 1855 nexus
827 1803 962 1855 literarum
984 1804 1099 1874 penitius
1120 1802 1313 1874 introspexerit.
1329 1804 1410 1858 llaud

348 1898 436 1938 tumen
449 1903 476 1936 se
488 1882 597 1954 rejicere
608 1881 680 1952 la'ps.
698 1881 757 1935 cod.
779 1882 953 1952 scripturam,
972 1903 1032 1954 quas
1050 1895 1077 1938 et
1090 1895 1129 1936 est
1141 1895 1238 1937 nostra.

390 1966 456 2017 821.
465 1964 502 2015 Et
511 1963 588 2030 telas
597 1962 637 2015 Ita
646 1960 724 2014 ΒοιΙι
735 1960 806 2015 adli.
819 1963 836 2014 l.
851 1962 924 2014 *list
931 1963 1221 2035 telainterpreteriairta
1228 1962 1410 2034 tehwmpittas

344 2062 409 2114 quas
420 2041 502 2109 dixit
516 2041 652 2095 exhibebit
664 2040 713 2094 tibi
725 2061 777 2094 vox
788 2041 939 2112 negotium
953 2061 1015 2113 quta
1027 2061 1080 2094 nnn
1092 2041 1205 2114 quodvis
1215 2042 1314 2096 seilicet
1322 2043 1409 2098 teluru

345 2123 411 2176 rel'
401 2123 506 2194 jacitur,
517 2123 560 2175 rel
579 2117 645 2174 adeo
661 2121 718 2173 lere
732 2134 786 2186 est,
807 2133 837 2173 ut
850 2122 997 2192 comparari
1012 2140 1073 2175 eum
1088 2121 1171 2176 Licbn
1192 2121 1295 2192 abjecto
1314 2123 1408 2192 possit.

345 2202 471 2273 legam
463 2202 586 2272 igitur-ea
600 2201 647 2254 telo
657 2201 772 2270 fugient,
792 2201 844 2264 vel,
858 2199 930 2272 quod
941 2201 1048 2266 malim,
1061 2213 1085 2251 et
1104 2202 1147 2253 ills
1161 2191 1296 2269 (nrundo)
1304 2203 1409 2272 fugiet,-

344 2301 404 2355 quse
414 2283 526 2354 vulgatas
536 2281 669 2334 simillima
680 2279 814 2334 lectioni
825 2280 973 2352 Perquum
965 2297 1101 2352 ingeniosa
1112 2277 1313 2351 interpretatio,
1326 2299 1409 2354 quam

343 2377 431 2418 tamen
442 2381 497 2416 uon
511 2360 639 2415 audemus
650 2359 733 2432 sequi.

384 2444 451 2504 822.
471 2443 502 2495 In
521 2459 581 2493 ansa
595 2443 683 2492 cervis.
700 2439 795 2493 Flor.
785 2459 810 2491 ιιι
824 2458 886 2492 suso
899 2459 1000 2502 uersus,¹
1017 2438 1090 2494 unde
1111 2439 1287 2494 Gronovius.
1302 2453 1406 2506 vertes,

339 2541 370 2579 ⁰!
390 2533 428 2576 ui.

370 2541 449 2655 p826.
459 2600 487 2650 V
485 2603 511 2651 ir
517 2610 578 2669 pest.
594 2598 701 2663 iudicat,
719 2599 756 2650 Et
764 2601 839 2652 sarit.
851 2600 943 2670 Apage
955 2598 1027 2652 istud
1038 2598 1088 2652 Via
1098 2605 1175 2652 lnon
1189 2599 1234 2654 rix
1247 2597 1294 2654 aed
1306 2599 1403 2671 plane,

341 2679 504 2734 iudicaverat
517 2678 658 2737 Hercules.
680 2678 834 2749 grurimimo
845 2697 873 2731 se
886 2680 957 2732 naulo
970 2679 1066 2748 premi.
1081 2678 1198 2732 Omnino
1210 2692 1298 2732 autem
1311 2678 1407 2750 displi-

342 2772 403 2821 oent
415 2759 494 2811 rerba
506 2759 551 2807 vis
561 2768 622 2826 pest.
637 2756 687 2807 iud.
703 2773 752 2809 neo
767 2757 813 2821 iis,
837 2775 897 2828 quas
910 2760 963 2828 jam
978 2758 1106 2828 loquutus
1121 2757 1249 2811 Hercules
1263 2770 1317 2824 est,
1331 2772 1406 2812 reete

340 2838 444 2892 dicutur
457 2835 604 2908 significare
615 2847 714 2906 pestem
727 2835 802 2888 istam
815 2837 948 2890 latentem.
963 2837 1129 2909 Reliquerat,
1149 2839 1257 2908 opinor,
1272 2839 1406 2909 tragicus:

526 2951 552 2995 ln
565 2964 601 2995 me
613 2948 679 3008 jurat
690 2949 768 2994 saevire
780 2967 785 2993 :
798 2951 836 2994 oie
844 2959 930 3012 pestem
940 2952 1026 2997 incitat.

340 3075 509 3135 Saevienalurn
526 3075 577 3128 sibi
592 3077 619 3128 in
639 3093 667 3128 se
684 3073 771 3146 ipsum
785 3073 912 3128 Hercules
924 3088 999 3145 putnt
1013 3087 1166 3147 propterea,
1183 3074 1255 3146 quod
1270 3093 1331 3128 eum
1347 3073 1405 3129 esse

340 3160 414 3214 huuc
426 3157 550 3210 morbum
561 3154 656 3212 sentit,
668 3155 710 3206 cui
721 3170 775 3206 non
789 3153 912 3207 medicari
924 3155 983 3227 quis
995 3173 1023 3208 se
1035 3173 1111 3225 posse
1122 3168 1222 3225 speret,
1233 3153 1278 3207 sed
1291 3154 1318 3208 vi
1327 3150 1403 3217 (ma-

339 3240 414 3311 gica,
426 3237 479 3290 vid.
494 3255 552 3308 sup.
566 3230 634 3298 568)
647 3234 800 3298 incitatum,
823 3235 866 3286 cui
887 3233 1032 3288 remedium
1055 3248 1152 3306 praeter
1172 3247 1284 3288 mortem
1297 3235 1402 3287 nullutn

338 3319 464 3372 inveniat.
482 3317 564 3368 Burri.
579 3345 617 3356 ·-
629 3314 670 3366 De
684 3316 722 3364 ob
736 3330 786 3383 pto
797 3317 855 3377 uin,
870 3313 925 3366 vid.
938 3314 1006 3368 infru
1020 3312 1092 3367 adr.
1107 3313 1173 3367 833.

379 3398 443 3450 830.
462 3395 535 3446 Paua
550 3392 649 3445 torridi.
665 3391 740 3445 MSS.
754 3390 818 3444 dant
832 3413 858 3463 p.
874 3394 980 3446 torrida.

380 3475 446 3530 831.
463 3476 541 3544 Ipsum
551 3477 633 3524 vestis.
648 3473 794 3542 lleponuut
805 3475 858 3542 ipsa
871 3479 945 3526 vestis
953 3473 1019 3527 libb.
1032 3484 1058 3525 et
1067 3471 1142 3526 MSS.
1151 3469 1271 3543 quidam.

379 3555 446 3609 833.
470 3553 520 3606 Sed
534 3571 606 3604 curua
622 3562 700 3602 tumen
719 3563 773 3614 est,·
791 3555 880 3624 uisque
893 3552 1012 3622 sufficiens
1024 3553 1096 3606 malo.
1110 3549 1193 3618 Quod
1210 3549 1300 3604 suadet
1314 3551 1401 3606 Grou.

342 3660 354 3683 ι
373 3633 425 3686 Sed
443 3651 519 3685 causa
534 3643 623 3684 tamen
648 3643 686 3683 est
704 3630 795 3704 visque
810 3631 879 3686 sulii.
897 3651 933 3687 ιιι.
950 3659 961 3680 .
986 3631 1145 3685 contrariam
1165 3644 1244 3701 atque
1264 3630 1318 3703 ipse
1341 3632 1402 3685 vult

336 3713 493 3767 sententium
507 3711 596 3764 babet.
611 3707 738 3780 Sufficiens
751 3711 820 3764 molis
832 3712 868 3780 is,
888 3713 933 3783 qui
946 3731 994 3784 par
1009 3711 1084 3764 mulis
1098 3724 1152 3775 est,
1172 3723 1202 3764 ut
1217 3708 1317 3764 dieitur
1327 3711 1401 3764 Cur·

335 3795 391 3855 tio,
406 3793 490 3858 vlu,
511 3798 543 3857 4,
564 3807 612 3854 ιο,
626 3808 705 3861 quem
721 3791 858 3845 citavimus
872 3793 927 3845 Nos
943 3793 971 3844 in
987 3791 1072 3856 notis;
1086 3791 1233 3862 similiaque
1244 3791 1338 3860 passim
1352 3789 1399 3842 alii

336 3883 539 3942 usurpaverunt.
560 3869 641 3921 lieote
655 3869 734 3940 igitur
753 3889 780 3924 se
795 3872 875 3924 bubet
888 3872 969 3924 ιιλιία
982 3873 1125 3942 ὃποσιιγμὴ
1140 3883 1201 3941 post
1218 3881 1295 3922 tomen
1306 3883 1357 3934 sat,
1373 3882 1401 3924 et

335 3951 370 4006 de
380 3952 493 4022 llercule
506 3947 658 4022 accipiendas
673 3949 753 4003 verba
764 3973 775 3994 s
787 3951 1024 4022 vixquesufficiens
1038 3953 1116 4003 malo.
1132 3976 1142 3996 ·
1157 3950 1218 4002 Νοιι
1234 3947 1341 4020 quidem
1354 3969 1402 4020 ap·

337 4050 428 4102 [rasere
444 4030 542 4084 dicitur
559 4048 634 4083 causa
651 4029 725 4082 istius
738 4027 834 4096 cladis,
850 4029 894 4084 sed
910 4031 1017 4085 subesse
1028 4043 1114 4084 tarsen
1131 4029 1283 4085 certissime.
1299 4031 1384 4082 Buris.

340 4133 343 4142 ·
378 4112 443 4176 834.
459 4113 537 4166 Ferit.
547 4109 619 4162 Flor.
625 4113 720 4179 premit.
