<?xml version="1.0" encoding="UTF-8"?>
<!DOCTYPE html PUBLIC "-//W3C//DTD XHTML 1.0 Transitional//EN"
    "http://www.w3.org/TR/xhtml1/DTD/xhtml1-transitional.dtd">
<html xmlns="http://www.w3.org/1999/xhtml" xml:lang="en" lang="en">
 <head>
  <title>
</title>
<meta http-equiv="Content-Type" content="text/html;charset=utf-8" />
  <meta name='ocr-system' content='tesseract 3.04.00' />
  <meta name='ocr-capabilities' content='ocr_page ocr_carea ocr_par ocr_line ocrx_word'/>
</head>
<body>
  <div class='ocr_page' id='page_1' title='image "./lannsenecparste00piergoog/lannsenecparste00piergoog_0075.png"; bbox 0 0 3130 5108; ppageno 0'>
   <div class='ocr_carea' id='block_1_1' title="bbox 267 555 1186 632">
    <p class='ocr_par' dir='ltr' id='par_1_1' title="bbox 267 555 1186 632">
     <span class='ocr_line' id='line_1_1' title="bbox 267 555 1186 632; baseline 0.005 -7"><span class='ocrx_word' id='word_1_1' title='bbox 267 555 551 625; x_wconf 89' lang='lat' dir='ltr'>HERCULES</span> <span class='ocrx_word' id='word_1_2' title='bbox 578 557 793 626; x_wconf 87' lang='lat' dir='ltr'><strong>OETAEUS.</strong></span> <span class='ocrx_word' id='word_1_3' title='bbox 819 559 931 628; x_wconf 68' lang='lat' dir='ltr'><strong>nct&#39;.</strong></span> <span class='ocrx_word' id='word_1_4' title='bbox 956 561 1026 630; x_wconf 84' lang='lat'>111.</span> <span class='ocrx_word' id='word_1_5' title='bbox 1138 559 1186 632; x_wconf 82' lang='lat'><strong>63</strong></span> 
     </span>
    </p>
   </div>
   <div class='ocr_carea' id='block_1_2' title="bbox 160 678 925 884">
    <p class='ocr_par' dir='ltr' id='par_1_2' title="bbox 160 678 925 884">
     <span class='ocr_line' id='line_1_2' title="bbox 160 678 925 774; baseline -0.001 -25"><span class='ocrx_word' id='word_1_6' title='bbox 160 683 391 774; x_wconf 82' lang='lat' dir='ltr'><strong>Quaecumque</strong></span> <span class='ocrx_word' id='word_1_7' title='bbox 411 678 486 747; x_wconf 83' lang='lat' dir='ltr'><strong>fidae</strong></span> <span class='ocrx_word' id='word_1_8' title='bbox 504 679 663 774; x_wconf 84' lang='lat' dir='ltr'><strong>conjuges</strong></span> <span class='ocrx_word' id='word_1_9' title='bbox 679 681 825 748; x_wconf 88' lang='lat' dir='ltr'><strong>nemoris</strong></span> <span class='ocrx_word' id='word_1_10' title='bbox 841 683 925 752; x_wconf 88' lang='lat' dir='ltr'><strong>sacri</strong></span> 
     </span>
     <span class='ocr_line' id='line_1_3' title="bbox 163 790 882 884; baseline 0.006 -27"><span class='ocrx_word' id='word_1_11' title='bbox 163 793 272 860; x_wconf 85' lang='lat' dir='ltr'><strong>Lucos</strong></span> <span class='ocrx_word' id='word_1_12' title='bbox 291 791 432 858; x_wconf 89' lang='lat' dir='ltr'><strong>tenetis:</strong></span> <span class='ocrx_word' id='word_1_13' title='bbox 449 791 475 858; x_wconf 94' lang='lat' dir='ltr'><strong>si</strong></span> <span class='ocrx_word' id='word_1_14' title='bbox 499 815 565 884; x_wconf 90' lang='lat' dir='ltr'><strong>qua</strong></span> <span class='ocrx_word' id='word_1_15' title='bbox 589 790 746 884; x_wconf 84' lang='lat' dir='ltr'><strong>respersit</strong></span> <span class='ocrx_word' id='word_1_16' title='bbox 763 815 882 861; x_wconf 89' lang='lat' dir='ltr'><strong>manus</strong></span> 
     </span>
    </p>
   </div>
   <div class='ocr_carea' id='block_1_3' title="bbox 160 900 1187 3096">
    <p class='ocr_par' dir='ltr' id='par_1_3' title="bbox 163 900 844 985">
     <span class='ocr_line' id='line_1_4' title="bbox 163 900 844 985; baseline 0 -15"><span class='ocrx_word' id='word_1_17' title='bbox 163 901 240 970; x_wconf 91' lang='lat' dir='ltr'><strong>Viri</strong></span> <span class='ocrx_word' id='word_1_18' title='bbox 259 925 392 985; x_wconf 83' lang='lat' dir='ltr'><strong>cruore,</strong></span> <span class='ocrx_word' id='word_1_19' title='bbox 414 925 475 968; x_wconf 89' lang='lat' dir='ltr'><strong>nec</strong></span> <span class='ocrx_word' id='word_1_20' title='bbox 496 923 626 970; x_wconf 88' lang='lat' dir='ltr'><strong>memor</strong></span> <span class='ocrx_word' id='word_1_21' title='bbox 643 916 740 970; x_wconf 82' lang='lat' dir='ltr'><strong>castae</strong></span> <span class='ocrx_word' id='word_1_22' title='bbox 762 900 844 972; x_wconf 85' lang='lat' dir='ltr'><strong>facis</strong></span> 
     </span>
    </p>

    <p class='ocr_par' dir='ltr' id='par_1_4' title="bbox 161 1010 815 1097">
     <span class='ocr_line' id='line_1_5' title="bbox 161 1010 815 1097; baseline 0.002 -18"><span class='ocrx_word' id='word_1_23' title='bbox 161 1013 286 1080; x_wconf 85' lang='lat' dir='ltr'><strong>Stricto</strong></span> <span class='ocrx_word' id='word_1_24' title='bbox 304 1026 442 1081; x_wconf 89' lang='lat' dir='ltr'><strong>cruenta</strong></span> <span class='ocrx_word' id='word_1_25' title='bbox 460 1010 569 1081; x_wconf 88' lang='lat' dir='ltr'><strong>Belias</strong></span> <span class='ocrx_word' id='word_1_26' title='bbox 600 1011 689 1081; x_wconf 86' lang='lat' dir='ltr'><strong>ferro</strong></span> <span class='ocrx_word' id='word_1_27' title='bbox 705 1013 815 1097; x_wconf 90' lang='lat' dir='ltr'><strong>stetit,</strong></span> 
     </span>
    </p>

    <p class='ocr_par' dir='ltr' id='par_1_5' title="bbox 160 1119 888 1216">
     <span class='ocr_line' id='line_1_6' title="bbox 160 1119 888 1216; baseline -0.003 -25"><span class='ocrx_word' id='word_1_28' title='bbox 160 1125 201 1191; x_wconf 94' lang='lat' dir='ltr'><strong>In</strong></span> <span class='ocrx_word' id='word_1_29' title='bbox 224 1147 277 1190; x_wconf 92' lang='lat' dir='ltr'><strong>me</strong></span> <span class='ocrx_word' id='word_1_30' title='bbox 296 1146 373 1191; x_wconf 88' lang='lat' dir='ltr'><strong>suas</strong></span> <span class='ocrx_word' id='word_1_31' title='bbox 389 1135 549 1216; x_wconf 86' lang='lat' dir='ltr'><strong>agnoscat</strong></span> <span class='ocrx_word' id='word_1_32' title='bbox 566 1136 600 1190; x_wconf 91' lang='lat' dir='ltr'><strong>et</strong></span> <span class='ocrx_word' id='word_1_33' title='bbox 615 1119 728 1191; x_wconf 87' lang='lat' dir='ltr'><strong>laudet</strong></span> <span class='ocrx_word' id='word_1_34' title='bbox 745 1146 888 1190; x_wconf 91' lang='lat' dir='ltr'><strong>manus:</strong></span> 
     </span>
    </p>

    <p class='ocr_par' dir='ltr' id='par_1_6' title="bbox 162 1231 888 1326">
     <span class='ocr_line' id='line_1_7' title="bbox 162 1231 888 1326; baseline 0 -26"><span class='ocrx_word' id='word_1_35' title='bbox 162 1235 204 1300; x_wconf 91' lang='lat' dir='ltr'><strong>In</strong></span> <span class='ocrx_word' id='word_1_36' title='bbox 221 1231 309 1301; x_wconf 89' lang='lat' dir='ltr'><strong>hanc</strong></span> <span class='ocrx_word' id='word_1_37' title='bbox 331 1231 423 1300; x_wconf 89' lang='lat' dir='ltr'><strong>abire</strong></span> <span class='ocrx_word' id='word_1_38' title='bbox 439 1231 622 1326; x_wconf 85' lang='lat' dir='ltr'><strong>conjugum</strong></span> <span class='ocrx_word' id='word_1_39' title='bbox 641 1233 774 1300; x_wconf 92' lang='lat' dir='ltr'><strong>turbam</strong></span> <span class='ocrx_word' id='word_1_40' title='bbox 795 1232 888 1300; x_wconf 91' lang='lat' dir='ltr'><strong>libet.</strong></span> 
     </span>
    </p>

    <p class='ocr_par' dir='ltr' id='par_1_7' title="bbox 160 1338 1044 1876">
     <span class='ocr_line' id='line_1_8' title="bbox 160 1338 950 1435; baseline 0.001 -25"><span class='ocrx_word' id='word_1_41' title='bbox 160 1340 280 1410; x_wconf 84' lang='lat' dir='ltr'><strong>Sedet</strong></span> <span class='ocrx_word' id='word_1_42' title='bbox 305 1338 361 1409; x_wconf 90' lang='lat' dir='ltr'><strong>illa</strong></span> <span class='ocrx_word' id='word_1_43' title='bbox 378 1340 483 1435; x_wconf 84' lang='lat' dir='ltr'><strong>fugiet</strong></span> <span class='ocrx_word' id='word_1_44' title='bbox 506 1342 603 1410; x_wconf 91' lang='lat' dir='ltr'><strong>turba</strong></span> <span class='ocrx_word' id='word_1_45' title='bbox 620 1355 687 1411; x_wconf 88' lang='lat' dir='ltr'><strong>tam</strong></span> <span class='ocrx_word' id='word_1_46' title='bbox 708 1341 798 1410; x_wconf 91' lang='lat' dir='ltr'><strong>diras</strong></span> <span class='ocrx_word' id='word_1_47' title='bbox 819 1367 950 1412; x_wconf 91' lang='lat' dir='ltr'><strong>manus.</strong></span> 
     </span>
     <span class='ocr_line' id='line_1_9' title="bbox 161 1452 907 1544; baseline 0.001 -25"><span class='ocrx_word' id='word_1_48' title='bbox 161 1453 290 1520; x_wconf 85' lang='lat' dir='ltr'><strong>luvicte</strong></span> <span class='ocrx_word' id='word_1_49' title='bbox 309 1452 451 1544; x_wconf 87' lang='lat' dir='ltr'><strong>conjux,</strong></span> <span class='ocrx_word' id='word_1_50' title='bbox 472 1452 633 1521; x_wconf 85' lang='lat' dir='ltr'><strong>innocens</strong></span> <span class='ocrx_word' id='word_1_51' title='bbox 650 1453 783 1520; x_wconf 87' lang='lat' dir='ltr'><strong>animus</strong></span> <span class='ocrx_word' id='word_1_52' title='bbox 805 1452 907 1540; x_wconf 89' lang='lat' dir='ltr'><strong>mihi,</strong></span> 
     </span>
     <span class='ocr_line' id='line_1_10' title="bbox 160 1560 1044 1656; baseline 0.001 -25"><span class='ocrx_word' id='word_1_53' title='bbox 160 1561 305 1631; x_wconf 78' lang='lat' dir='ltr'><strong>Scelesta</strong></span> <span class='ocrx_word' id='word_1_54' title='bbox 323 1585 442 1630; x_wconf 89' lang='lat' dir='ltr'><strong>manus</strong></span> <span class='ocrx_word' id='word_1_55' title='bbox 460 1575 509 1629; x_wconf 90' lang='lat' dir='ltr'><strong>est</strong></span> <span class='ocrx_word' id='word_1_56' title='bbox 526 1586 534 1628; x_wconf 92' lang='lat'><strong>:</strong></span> <span class='ocrx_word' id='word_1_57' title='bbox 551 1560 637 1656; x_wconf 90' lang='lat' dir='ltr'><strong>proh</strong></span> <span class='ocrx_word' id='word_1_58' title='bbox 656 1561 755 1629; x_wconf 91' lang='lat' dir='ltr'><strong>nimis</strong></span> <span class='ocrx_word' id='word_1_59' title='bbox 777 1586 872 1630; x_wconf 91' lang='lat' dir='ltr'><strong>mens</strong></span> <span class='ocrx_word' id='word_1_60' title='bbox 890 1561 1044 1632; x_wconf 85' lang='lat' dir='ltr'><strong>credula!</strong></span> 
     </span>
     <span class='ocr_line' id='line_1_11' title="bbox 162 1667 904 1765; baseline -0.001 -23"><span class='ocrx_word' id='word_1_61' title='bbox 162 1672 252 1742; x_wconf 87' lang='lat' dir='ltr'><strong>Proh</strong></span> <span class='ocrx_word' id='word_1_62' title='bbox 271 1675 374 1742; x_wconf 86' lang='lat' dir='ltr'><strong>Nesse</strong></span> <span class='ocrx_word' id='word_1_63' title='bbox 391 1667 512 1740; x_wconf 83' lang='lat' dir='ltr'>fallax!</span> <span class='ocrx_word' id='word_1_64' title='bbox 532 1687 632 1765; x_wconf 87' lang='lat' dir='ltr'><strong>atque</strong></span> <span class='ocrx_word' id='word_1_65' title='bbox 651 1671 796 1740; x_wconf 84' lang='lat' dir='ltr'><strong>semiferi</strong></span> <span class='ocrx_word' id='word_1_66' title='bbox 815 1670 904 1742; x_wconf 85' lang='lat' dir='ltr'><strong>doli!</strong></span> 
     </span>
     <span class='ocr_line' id='line_1_12' title="bbox 162 1780 853 1876; baseline -0.001 -24"><span class='ocrx_word' id='word_1_67' title='bbox 162 1781 306 1852; x_wconf 82' lang='lat' dir='ltr'><strong>Auferre</strong></span> <span class='ocrx_word' id='word_1_68' title='bbox 324 1781 462 1875; x_wconf 86' lang='lat' dir='ltr'><strong>cupiens</strong></span> <span class='ocrx_word' id='word_1_69' title='bbox 479 1780 608 1875; x_wconf 88' lang='lat' dir='ltr'><strong>pellici,</strong></span> <span class='ocrx_word' id='word_1_70' title='bbox 627 1783 736 1876; x_wconf 91' lang='lat' dir='ltr'><strong>eripui</strong></span> <span class='ocrx_word' id='word_1_71' title='bbox 758 1782 853 1851; x_wconf 91' lang='lat' dir='ltr'><strong>mihi.</strong></span> 
     </span>
    </p>

    <p class='ocr_par' dir='ltr' id='par_1_8' title="bbox 162 1891 942 1987">
     <span class='ocr_line' id='line_1_13' title="bbox 162 1891 942 1987; baseline 0.003 -25"><span class='ocrx_word' id='word_1_72' title='bbox 162 1892 315 1979; x_wconf 84' lang='lat' dir='ltr'><strong>Recede,</strong></span> <span class='ocrx_word' id='word_1_73' title='bbox 337 1893 457 1976; x_wconf 85' lang='lat' dir='ltr'><strong>Titan;</strong></span> <span class='ocrx_word' id='word_1_74' title='bbox 475 1907 597 1987; x_wconf 84' lang='lat' dir='ltr'><strong>tuque,</strong></span> <span class='ocrx_word' id='word_1_75' title='bbox 616 1916 690 1987; x_wconf 86' lang='lat' dir='ltr'><strong>quae</strong></span> <span class='ocrx_word' id='word_1_76' title='bbox 707 1891 829 1961; x_wconf 87' lang='lat' dir='ltr'><strong>blanda</strong></span> <span class='ocrx_word' id='word_1_77' title='bbox 849 1907 942 1964; x_wconf 90' lang='lat' dir='ltr'><strong>tenes</strong></span> 
     </span>
    </p>

    <p class='ocr_par' dir='ltr' id='par_1_9' title="bbox 161 2001 920 2090">
     <span class='ocr_line' id='line_1_14' title="bbox 161 2001 920 2090; baseline 0.005 -22"><span class='ocrx_word' id='word_1_78' title='bbox 161 2005 204 2069; x_wconf 92' lang='lat' dir='ltr'><strong>In</strong></span> <span class='ocrx_word' id='word_1_79' title='bbox 224 2001 298 2070; x_wconf 94' lang='lat' dir='ltr'><strong>luce</strong></span> <span class='ocrx_word' id='word_1_80' title='bbox 316 2002 472 2088; x_wconf 83' lang='lat' dir='ltr'><strong>miseros,</strong></span> <span class='ocrx_word' id='word_1_81' title='bbox 492 2003 579 2090; x_wconf 90' lang='lat' dir='ltr'><strong>vita;</strong></span> <span class='ocrx_word' id='word_1_82' title='bbox 600 2005 757 2072; x_wconf 77' lang='lat' dir='ltr'><strong>carituras</strong></span> <span class='ocrx_word' id='word_1_83' title='bbox 775 2003 920 2073; x_wconf 91' lang='lat' dir='ltr'><strong>Hercule</strong></span> 
     </span>
    </p>

    <p class='ocr_par' dir='ltr' id='par_1_10' title="bbox 161 2111 985 2627">
     <span class='ocr_line' id='line_1_15' title="bbox 161 2111 878 2209; baseline 0 -27"><span class='ocrx_word' id='word_1_84' title='bbox 161 2117 239 2182; x_wconf 83' lang='lat' dir='ltr'><strong>Lux</strong></span> <span class='ocrx_word' id='word_1_85' title='bbox 256 2111 331 2181; x_wconf 88' lang='lat' dir='ltr'><strong>vilis</strong></span> <span class='ocrx_word' id='word_1_86' title='bbox 350 2113 412 2182; x_wconf 86' lang='lat' dir='ltr'><strong>ista</strong></span> <span class='ocrx_word' id='word_1_87' title='bbox 429 2127 490 2182; x_wconf 88' lang='lat' dir='ltr'><strong>est.</strong></span> <span class='ocrx_word' id='word_1_88' title='bbox 510 2116 650 2209; x_wconf 82' lang='lat' dir='ltr'><strong>Exigam</strong></span> <span class='ocrx_word' id='word_1_89' title='bbox 667 2139 781 2208; x_wconf 86' lang='lat' dir='ltr'><strong>poenas</strong></span> <span class='ocrx_word' id='word_1_90' title='bbox 799 2115 878 2198; x_wconf 90' lang='lat' dir='ltr'><strong>tibi,</strong></span> 
     </span>
     <span class='ocr_line' id='line_1_16' title="bbox 162 2222 958 2318; baseline 0.004 -27"><span class='ocrx_word' id='word_1_91' title='bbox 162 2222 382 2318; x_wconf 87' lang='lat' dir='ltr'><strong>Reddamque</strong></span> <span class='ocrx_word' id='word_1_92' title='bbox 398 2225 524 2294; x_wconf 87' lang='lat' dir='ltr'><strong>vitam:</strong></span> <span class='ocrx_word' id='word_1_93' title='bbox 546 2225 614 2295; x_wconf 87' lang='lat' dir='ltr'><strong>fata</strong></span> <span class='ocrx_word' id='word_1_94' title='bbox 633 2250 676 2294; x_wconf 89' lang='lat' dir='ltr'><strong>an</strong></span> <span class='ocrx_word' id='word_1_95' title='bbox 695 2224 838 2294; x_wconf 83' lang='lat' dir='ltr'><strong>extendo</strong></span> <span class='ocrx_word' id='word_1_96' title='bbox 861 2226 958 2294; x_wconf 84' lang='lat' dir='ltr'><strong>mea?</strong></span> 
     </span>
     <span class='ocr_line' id='line_1_17' title="bbox 162 2336 985 2430; baseline 0.002 -26"><span class='ocrx_word' id='word_1_97' title='bbox 162 2338 396 2430; x_wconf 89' lang='lat' dir='ltr'><strong>Mortemque,</strong></span> <span class='ocrx_word' id='word_1_98' title='bbox 413 2338 555 2430; x_wconf 84' lang='lat' dir='ltr'><strong>conjux,</strong></span> <span class='ocrx_word' id='word_1_99' title='bbox 574 2336 618 2405; x_wconf 92' lang='lat' dir='ltr'><strong>ad</strong></span> <span class='ocrx_word' id='word_1_100' title='bbox 637 2351 710 2404; x_wconf 88' lang='lat' dir='ltr'><strong>tuas</strong></span> <span class='ocrx_word' id='word_1_101' title='bbox 728 2361 822 2404; x_wconf 85' lang='lat' dir='ltr'><strong>servo</strong></span> <span class='ocrx_word' id='word_1_102' title='bbox 845 2339 985 2406; x_wconf 77' lang='lat' dir='ltr'><strong>manus?</strong></span> 
     </span>
     <span class='ocr_line' id='line_1_18' title="bbox 162 2447 983 2540; baseline 0 -27"><span class='ocrx_word' id='word_1_103' title='bbox 162 2447 324 2516; x_wconf 87' lang='lat' dir='ltr'><strong>Virtusue</strong></span> <span class='ocrx_word' id='word_1_104' title='bbox 345 2462 494 2540; x_wconf 90' lang='lat' dir='ltr'><strong>superest</strong></span> <span class='ocrx_word' id='word_1_105' title='bbox 512 2447 635 2540; x_wconf 86' lang='lat' dir='ltr'><strong>aliqua,</strong></span> <span class='ocrx_word' id='word_1_106' title='bbox 658 2460 691 2514; x_wconf 92' lang='lat' dir='ltr'><strong>et</strong></span> <span class='ocrx_word' id='word_1_107' title='bbox 710 2460 845 2514; x_wconf 74' lang='lat' dir='ltr'><strong>armatae</strong></span> <span class='ocrx_word' id='word_1_108' title='bbox 865 2467 983 2513; x_wconf 88' lang='lat' dir='ltr'><strong>manus</strong></span> 
     </span>
     <span class='ocr_line' id='line_1_19' title="bbox 162 2553 917 2627; baseline -0.003 -1"><span class='ocrx_word' id='word_1_109' title='bbox 162 2556 342 2626; x_wconf 91' lang='lat' dir='ltr'><strong>Intendere</strong></span> <span class='ocrx_word' id='word_1_110' title='bbox 363 2582 478 2627; x_wconf 83' lang='lat' dir='ltr'><strong>arcum</strong></span> <span class='ocrx_word' id='word_1_111' title='bbox 495 2556 560 2627; x_wconf 89' lang='lat' dir='ltr'><strong>tela</strong></span> <span class='ocrx_word' id='word_1_112' title='bbox 579 2559 761 2625; x_wconf 88' lang='lat' dir='ltr'><strong>missurum</strong></span> <span class='ocrx_word' id='word_1_113' title='bbox 780 2553 917 2624; x_wconf 77' lang='lat' dir='ltr'><strong>valent?</strong></span> 
     </span>
    </p>

    <p class='ocr_par' dir='ltr' id='par_1_11' title="bbox 162 2666 1187 3096">
     <span class='ocr_line' id='line_1_20' title="bbox 163 2666 1187 2762; baseline -0.008 -24"><span class='ocrx_word' id='word_1_114' title='bbox 163 2673 217 2738; x_wconf 82' lang='lat' dir='ltr'><strong>An</strong></span> <span class='ocrx_word' id='word_1_115' title='bbox 239 2693 332 2736; x_wconf 87' lang='lat' dir='ltr'><strong>arma</strong></span> <span class='ocrx_word' id='word_1_116' title='bbox 353 2684 500 2755; x_wconf 88' lang='lat' dir='ltr'><strong>cessant,</strong></span> <span class='ocrx_word' id='word_1_117' title='bbox 522 2685 621 2762; x_wconf 89' lang='lat' dir='ltr'><strong>teque</strong></span> <span class='ocrx_word' id='word_1_118' title='bbox 638 2666 810 2761; x_wconf 86' lang='lat' dir='ltr'><strong>languenti</strong></span> <span class='ocrx_word' id='word_1_119' title='bbox 828 2691 931 2734; x_wconf 89' lang='lat' dir='ltr'><strong>manu</strong></span> <span class='ocrx_word' id='word_1_120' title='bbox 1148 2693 1187 2744; x_wconf 66' lang='lat' dir='ltr'><strong>„s</strong></span> 
     </span>
     <span class='ocr_line' id='line_1_21' title="bbox 162 2774 905 2873; baseline -0.007 -25"><span class='ocrx_word' id='word_1_121' title='bbox 162 2781 239 2848; x_wconf 89' lang='lat' dir='ltr'><strong>Non</strong></span> <span class='ocrx_word' id='word_1_122' title='bbox 261 2777 356 2847; x_wconf 88' lang='lat' dir='ltr'><strong>audit</strong></span> <span class='ocrx_word' id='word_1_123' title='bbox 374 2779 494 2849; x_wconf 83' lang='lat' dir='ltr'><strong>arcus?</strong></span> <span class='ocrx_word' id='word_1_124' title='bbox 510 2781 537 2848; x_wconf 91' lang='lat' dir='ltr'><strong>si</strong></span> <span class='ocrx_word' id='word_1_125' title='bbox 556 2791 665 2873; x_wconf 88' lang='lat' dir='ltr'><strong>potest</strong></span> <span class='ocrx_word' id='word_1_126' title='bbox 683 2776 786 2846; x_wconf 89' lang='lat' dir='ltr'><strong>letum</strong></span> <span class='ocrx_word' id='word_1_127' title='bbox 807 2774 905 2862; x_wconf 86' lang='lat' dir='ltr'><strong>dare,</strong></span> 
     </span>
     <span class='ocr_line' id='line_1_22' title="bbox 163 2887 990 2984; baseline -0.005 -27"><span class='ocrx_word' id='word_1_128' title='bbox 163 2889 323 2958; x_wconf 79' lang='lat' dir='ltr'><strong>Animose</strong></span> <span class='ocrx_word' id='word_1_129' title='bbox 339 2887 476 2984; x_wconf 84' lang='lat' dir='ltr'><strong>conjux,</strong></span> <span class='ocrx_word' id='word_1_130' title='bbox 494 2889 664 2959; x_wconf 85' lang='lat' dir='ltr'><strong>dexteram</strong></span> <span class='ocrx_word' id='word_1_131' title='bbox 681 2902 835 2984; x_wconf 86' lang='lat' dir='ltr'><strong>exspecto</strong></span> <span class='ocrx_word' id='word_1_132' title='bbox 857 2901 959 2955; x_wconf 88' lang='lat' dir='ltr'><strong>tuam.</strong></span> <span class='ocrx_word' id='word_1_133' title='bbox 986 2905 990 2918; x_wconf 85' lang='grc'><strong>’</strong></span> 
     </span>
     <span class='ocr_line' id='line_1_23' title="bbox 163 2998 1037 3096; baseline -0.001 -28"><span class='ocrx_word' id='word_1_134' title='bbox 163 3003 257 3069; x_wconf 88' lang='lat' dir='ltr'><strong>Mors</strong></span> <span class='ocrx_word' id='word_1_135' title='bbox 277 2999 475 3071; x_wconf 81' lang='lat' dir='ltr'><strong>differatur:</strong></span> <span class='ocrx_word' id='word_1_136' title='bbox 495 2999 612 3096; x_wconf 79' lang='lat' dir='ltr'><strong>frange</strong></span> <span class='ocrx_word' id='word_1_137' title='bbox 633 3015 672 3070; x_wconf 93' lang='lat' dir='ltr'><strong>ut</strong></span> <span class='ocrx_word' id='word_1_138' title='bbox 692 3001 857 3069; x_wconf 87' lang='lat' dir='ltr'><strong>insontem</strong></span> <span class='ocrx_word' id='word_1_139' title='bbox 877 2998 1037 3086; x_wconf 90' lang='lat' dir='ltr'><strong>Licham;</strong></span> 
     </span>
    </p>
   </div>
   <div class='ocr_carea' id='block_1_4' title="bbox 120 3174 1188 4288">
    <p class='ocr_par' dir='ltr' id='par_1_12' title="bbox 120 3174 1188 4288">
     <span class='ocr_line' id='line_1_24' title="bbox 157 3174 1187 3247; baseline 0.005 -16"><span class='ocrx_word' id='word_1_140' title='bbox 157 3177 223 3247; x_wconf 77' lang='lat'><strong>957.</strong></span> <span class='ocrx_word' id='word_1_141' title='bbox 245 3177 327 3230; x_wconf 80' lang='lat' dir='ltr'><strong>Fr‘doe.</strong></span> <span class='ocrx_word' id='word_1_142' title='bbox 342 3175 467 3231; x_wconf 77' lang='lat' dir='ltr'><strong>Crudelis</strong></span> <span class='ocrx_word' id='word_1_143' title='bbox 481 3176 566 3230; x_wconf 79' lang='lat' dir='ltr'><strong>ironis</strong></span> <span class='ocrx_word' id='word_1_144' title='bbox 580 3189 626 3229; x_wconf 84' lang='lat' dir='ltr'><strong>est.</strong></span> <span class='ocrx_word' id='word_1_145' title='bbox 713 3180 779 3247; x_wconf 83' lang='lat'><em>976.</em></span> <span class='ocrx_word' id='word_1_146' title='bbox 789 3174 819 3228; x_wconf 86' lang='lat' dir='ltr'><strong>Sr&#39;</strong></span> <span class='ocrx_word' id='word_1_147' title='bbox 828 3186 916 3244; x_wconf 81' lang='lat' dir='ltr'><strong>potest.</strong></span> <span class='ocrx_word' id='word_1_148' title='bbox 929 3177 971 3228; x_wconf 78' lang='lat' dir='ltr'><strong>dn</strong></span> <span class='ocrx_word' id='word_1_149' title='bbox 981 3188 1082 3230; x_wconf 75' lang='lat' dir='ltr'><strong>armatu</strong></span> <span class='ocrx_word' id='word_1_150' title='bbox 1092 3197 1187 3236; x_wconf 77' lang='lat' dir='ltr'><strong>manus</strong></span> 
     </span>
     <span class='ocr_line' id='line_1_25' title="bbox 159 3255 1186 3328; baseline 0.007 -21"><span class='ocrx_word' id='word_1_151' title='bbox 159 3261 221 3324; x_wconf 79' lang='lat'>9⁶⁰·</span> <span class='ocrx_word' id='word_1_152' title='bbox 235 3257 335 3319; x_wconf 80' lang='lat' dir='ltr'><strong>Belias,</strong></span> <span class='ocrx_word' id='word_1_153' title='bbox 352 3257 409 3310; x_wconf 83' lang='lat' dir='ltr'><strong>Beli</strong></span> <span class='ocrx_word' id='word_1_154' title='bbox 420 3257 526 3328; x_wconf 78' lang='lat' dir='ltr'><strong>neptis,</strong></span> <span class='ocrx_word' id='word_1_155' title='bbox 544 3256 628 3310; x_wconf 78' lang='lat' dir='ltr'><strong>Danai</strong></span> <span class='ocrx_word' id='word_1_156' title='bbox 672 3268 717 3309; x_wconf 85' lang='lat' dir='ltr'><strong>tua</strong></span> <span class='ocrx_word' id='word_1_157' title='bbox 729 3256 788 3309; x_wconf 84' lang='lat' dir='ltr'><strong>telis</strong></span> <span class='ocrx_word' id='word_1_158' title='bbox 803 3255 900 3318; x_wconf 83' lang='lat' dir='ltr'><strong>solitis,</strong></span> <span class='ocrx_word' id='word_1_159' title='bbox 912 3255 981 3308; x_wconf 81' lang='lat' dir='ltr'><strong>valet</strong></span> <span class='ocrx_word' id='word_1_160' title='bbox 992 3273 1084 3310; x_wconf 80' lang='lat' dir='ltr'><strong>arcum</strong></span> <span class='ocrx_word' id='word_1_161' title='bbox 1096 3259 1186 3314; x_wconf 88' lang='lat' dir='ltr'><strong>inten-</strong></span> 
     </span>
     <span class='ocr_line' id='line_1_26' title="bbox 120 3331 1188 3405; baseline 0.008 -20"><span class='ocrx_word' id='word_1_162' title='bbox 120 3331 179 3388; x_wconf 76' lang='lat' dir='ltr'><strong>lilia.</strong></span> <span class='ocrx_word' id='word_1_163' title='bbox 194 3334 275 3389; x_wconf 82' lang='lat' dir='ltr'><strong>Herc.</strong></span> <span class='ocrx_word' id='word_1_164' title='bbox 287 3337 351 3390; x_wconf 86' lang='lat' dir='ltr'><strong>Fur.</strong></span> <span class='ocrx_word' id='word_1_165' title='bbox 360 3355 399 3390; x_wconf 84' lang='lat' dir='ltr'><strong>vs.</strong></span> <span class='ocrx_word' id='word_1_166' title='bbox 413 3338 479 3405; x_wconf 75' lang='grc'><strong>498.</strong></span> <span class='ocrx_word' id='word_1_167' title='bbox 672 3333 737 3389; x_wconf 82' lang='lat' dir='ltr'><strong>dere</strong></span> <span class='ocrx_word' id='word_1_168' title='bbox 749 3335 777 3388; x_wconf 90' lang='lat' dir='ltr'><strong>in</strong></span> <span class='ocrx_word' id='word_1_169' title='bbox 790 3336 912 3387; x_wconf 79' lang='lat' dir='ltr'><strong>hostem?</strong></span> <span class='ocrx_word' id='word_1_170' title='bbox 926 3353 959 3386; x_wconf 79' lang='lat' dir='ltr'><strong>au</strong></span> <span class='ocrx_word' id='word_1_171' title='bbox 971 3353 1034 3388; x_wconf 85' lang='lat' dir='ltr'><strong>vero</strong></span> <span class='ocrx_word' id='word_1_172' title='bbox 1050 3354 1121 3391; x_wconf 77' lang='lat' dir='ltr'><strong>arma</strong></span> <span class='ocrx_word' id='word_1_173' title='bbox 1135 3333 1188 3394; x_wconf 91' lang='lat' dir='ltr'><strong>tibi</strong></span> 
     </span>
     <span class='ocr_line' id='line_1_27' title="bbox 158 3413 1186 3486; baseline 0.006 -18"><span class='ocrx_word' id='word_1_174' title='bbox 158 3415 356 3486; x_wconf 76' lang='lat' dir='ltr'><strong>966.Same&#39;serr&#39;‚</strong></span> <span class='ocrx_word' id='word_1_175' title='bbox 371 3416 497 3470; x_wconf 81' lang='lat' dir='ltr'><strong>Centauri</strong></span> <span class='ocrx_word' id='word_1_176' title='bbox 507 3415 630 3471; x_wconf 70' lang='lat' dir='ltr'><strong>tritor-ts</strong></span> <span class='ocrx_word' id='word_1_177' title='bbox 673 3413 842 3476; x_wconf 83' lang='lat' dir='ltr'><strong>exciderunt,</strong></span> <span class='ocrx_word' id='word_1_178' title='bbox 857 3426 884 3466; x_wconf 82' lang='lat' dir='ltr'><strong>et</strong></span> <span class='ocrx_word' id='word_1_179' title='bbox 894 3414 1064 3481; x_wconf 72' lang='lat' dir='ltr'><strong>imbecillum,</strong></span> <span class='ocrx_word' id='word_1_180' title='bbox 1073 3418 1099 3470; x_wconf 85' lang='lat' dir='ltr'><strong>vi</strong></span> <span class='ocrx_word' id='word_1_181' title='bbox 1113 3438 1186 3474; x_wconf 88' lang='lat' dir='ltr'><strong>mor·</strong></span> 
     </span>
     <span class='ocr_line' id='line_1_28' title="bbox 120 3491 1187 3567; baseline 0.006 -23"><span class='ocrx_word' id='word_1_182' title='bbox 120 3491 253 3548; x_wconf 67' lang='lat' dir='ltr'><strong>Nessi-</strong></span> <span class='ocrx_word' id='word_1_183' title='bbox 269 3496 339 3548; x_wconf 75' lang='lat' dir='ltr'><strong>Deli.</strong></span> <span class='ocrx_word' id='word_1_184' title='bbox 353 3496 489 3549; x_wconf 84' lang='lat' dir='ltr'><strong>Nominat.</strong></span> <span class='ocrx_word' id='word_1_185' title='bbox 503 3497 576 3567; x_wconf 88' lang='lat' dir='ltr'><strong>plur.</strong></span> <span class='ocrx_word' id='word_1_186' title='bbox 674 3495 702 3548; x_wconf 81' lang='lat' dir='ltr'><strong>bi</strong></span> <span class='ocrx_word' id='word_1_187' title='bbox 727 3495 805 3548; x_wconf 82' lang='lat' dir='ltr'><strong>victis</strong></span> <span class='ocrx_word' id='word_1_188' title='bbox 826 3494 946 3558; x_wconf 84' lang='lat' dir='ltr'><strong>viribus,</strong></span> <span class='ocrx_word' id='word_1_189' title='bbox 978 3513 1086 3550; x_wconf 82' lang='lat' dir='ltr'><strong>manum</strong></span> <span class='ocrx_word' id='word_1_190' title='bbox 1110 3517 1187 3555; x_wconf 74' lang='lat' dir='ltr'><strong>arens</strong></span> 
     </span>
     <span class='ocr_line' id='line_1_29' title="bbox 160 3573 1186 3648; baseline 0.005 -20"><span class='ocrx_word' id='word_1_191' title='bbox 160 3579 225 3646; x_wconf 86' lang='lat'><strong>967.</strong></span> <span class='ocrx_word' id='word_1_192' title='bbox 237 3575 351 3643; x_wconf 74' lang='lat' dir='ltr'><strong>Assem.</strong></span> <span class='ocrx_word' id='word_1_193' title='bbox 363 3577 513 3648; x_wconf 71' lang='lat' dir='ltr'><strong>conjugem</strong></span> <span class='ocrx_word' id='word_1_194' title='bbox 527 3593 627 3629; x_wconf 82' lang='lat' dir='ltr'><strong>meum.</strong></span> <span class='ocrx_word' id='word_1_195' title='bbox 672 3573 842 3628; x_wconf 76' lang='lat' dir='ltr'><strong>contemnit?</strong></span> <span class='ocrx_word' id='word_1_196' title='bbox 858 3574 879 3626; x_wconf 89' lang='lat' dir='ltr'><strong>si</strong></span> <span class='ocrx_word' id='word_1_197' title='bbox 893 3575 960 3626; x_wconf 84' lang='lat' dir='ltr'><strong>valet</strong></span> <span class='ocrx_word' id='word_1_198' title='bbox 975 3592 1069 3630; x_wconf 76' lang='lat' dir='ltr'><strong>manua</strong></span> <span class='ocrx_word' id='word_1_199' title='bbox 1080 3589 1125 3633; x_wconf 78' lang='lat' dir='ltr'><strong>tua</strong></span> <span class='ocrx_word' id='word_1_200' title='bbox 1135 3579 1186 3633; x_wconf 78' lang='lat' dir='ltr'><strong>tela</strong></span> 
     </span>
     <span class='ocr_line' id='line_1_30' title="bbox 158 3651 1188 3725; baseline 0.013 -26"><span class='ocrx_word' id='word_1_201' title='bbox 158 3656 223 3723; x_wconf 76' lang='lat'>9⁶⁸·</span> <span class='ocrx_word' id='word_1_202' title='bbox 238 3655 328 3717; x_wconf 68' lang='lat' dir='ltr'><strong>Titan,</strong></span> <span class='ocrx_word' id='word_1_203' title='bbox 340 3655 394 3708; x_wconf 78' lang='lat' dir='ltr'><strong>Sol.</strong></span> <span class='ocrx_word' id='word_1_204' title='bbox 410 3656 483 3709; x_wconf 66' lang='lat' dir='ltr'><strong>Med.</strong></span> <span class='ocrx_word' id='word_1_205' title='bbox 495 3676 521 3710; x_wconf 81' lang='lat' dir='ltr'><strong>v.</strong></span> <span class='ocrx_word' id='word_1_206' title='bbox 534 3655 560 3710; x_wconf 84' lang='lat'><strong>5.</strong></span> <span class='ocrx_word' id='word_1_207' title='bbox 672 3654 793 3718; x_wconf 85' lang='lat' dir='ltr'><strong>mittere,</strong></span> <span class='ocrx_word' id='word_1_208' title='bbox 804 3651 939 3723; x_wconf 82' lang='lat' dir='ltr'><strong>intrepide</strong></span> <span class='ocrx_word' id='word_1_209' title='bbox 951 3656 1064 3725; x_wconf 83' lang='lat' dir='ltr'><strong>conjux,</strong></span> <span class='ocrx_word' id='word_1_210' title='bbox 1078 3671 1129 3711; x_wconf 86' lang='lat' dir='ltr'><strong>etc.</strong></span> <span class='ocrx_word' id='word_1_211' title='bbox 1143 3659 1188 3713; x_wconf 90' lang='lat' dir='ltr'><strong>Sic</strong></span> 
     </span>
     <span class='ocr_line' id='line_1_31' title="bbox 158 3731 1187 3808; baseline 0.003 -19"><span class='ocrx_word' id='word_1_212' title='bbox 158 3734 223 3805; x_wconf 79' lang='lat'>97&#39;1.</span> <span class='ocrx_word' id='word_1_213' title='bbox 236 3734 301 3787; x_wconf 74' lang='lat' dir='ltr'><strong>Fata</strong></span> <span class='ocrx_word' id='word_1_214' title='bbox 311 3755 344 3788; x_wconf 79' lang='lat' dir='ltr'><strong>aa</strong></span> <span class='ocrx_word' id='word_1_215' title='bbox 355 3736 467 3798; x_wconf 64' lang='lat' dir='ltr'><strong>eneam.</strong></span> <span class='ocrx_word' id='word_1_216' title='bbox 480 3749 530 3791; x_wconf 86' lang='lat' dir='ltr'><strong>etc.</strong></span> <span class='ocrx_word' id='word_1_217' title='bbox 542 3737 629 3806; x_wconf 75' lang='lat' dir='ltr'><strong>Rogat</strong></span> <span class='ocrx_word' id='word_1_218' title='bbox 674 3731 867 3796; x_wconf 82' lang='lat' dir='ltr'><strong>Ovid.ldet.V,</strong></span> <span class='ocrx_word' id='word_1_219' title='bbox 879 3734 933 3786; x_wconf 76' lang='lat'><strong>382</strong></span> <span class='ocrx_word' id='word_1_220' title='bbox 944 3751 950 3786; x_wconf 91' lang='lat'><strong>:</strong></span> <span class='ocrx_word' id='word_1_221' title='bbox 962 3753 1056 3788; x_wconf 64' lang='lat' dir='ltr'><strong>umnec</strong></span> <span class='ocrx_word' id='word_1_222' title='bbox 1068 3756 1126 3808; x_wconf 72' lang='lat' dir='ltr'><strong>qun</strong></span> <span class='ocrx_word' id='word_1_223' title='bbox 1134 3757 1187 3792; x_wconf 77' lang='lat' dir='ltr'><strong>ma·</strong></span> 
     </span>
     <span class='ocr_line' id='line_1_32' title="bbox 120 3810 1186 3890; baseline 0.008 -25"><span class='ocrx_word' id='word_1_224' title='bbox 120 3812 202 3880; x_wconf 80' lang='lat' dir='ltr'><strong>eninr,</strong></span> <span class='ocrx_word' id='word_1_225' title='bbox 216 3832 251 3867; x_wconf 76' lang='lat' dir='ltr'><strong>an</strong></span> <span class='ocrx_word' id='word_1_226' title='bbox 270 3816 361 3886; x_wconf 82' lang='lat' dir='ltr'><strong>potius</strong></span> <span class='ocrx_word' id='word_1_227' title='bbox 378 3817 430 3870; x_wconf 89' lang='lat' dir='ltr'><strong>hoc</strong></span> <span class='ocrx_word' id='word_1_228' title='bbox 449 3815 629 3889; x_wconf 76' lang='lat' dir='ltr'><strong>fasiat‚quam</strong></span> <span class='ocrx_word' id='word_1_229' title='bbox 672 3813 711 3884; x_wconf 73' lang='lat' dir='ltr'><strong>gis</strong></span> <span class='ocrx_word' id='word_1_230' title='bbox 730 3810 820 3867; x_wconf 88' lang='lat' dir='ltr'><strong>audiat</strong></span> <span class='ocrx_word' id='word_1_231' title='bbox 834 3830 945 3865; x_wconf 85' lang='lat' dir='ltr'><strong>arcum:</strong></span> <span class='ocrx_word' id='word_1_232' title='bbox 963 3838 975 3861; x_wconf 79' lang='grc' dir='ltr'>ι</span> <span class='ocrx_word' id='word_1_233' title='bbox 992 3814 1047 3868; x_wconf 91' lang='lat' dir='ltr'><strong>hoc</strong></span> <span class='ocrx_word' id='word_1_234' title='bbox 1058 3829 1108 3883; x_wconf 84' lang='lat' dir='ltr'><strong>est,</strong></span> <span class='ocrx_word' id='word_1_235' title='bbox 1126 3836 1186 3890; x_wconf 67' lang='lat' dir='ltr'><strong>qun</strong></span> 
     </span>
     <span class='ocr_line' id='line_1_33' title="bbox 121 3892 1188 3972; baseline 0.018 -29"><span class='ocrx_word' id='word_1_236' title='bbox 121 3892 212 3964; x_wconf 73' lang='lat' dir='ltr'><strong>seipsa</strong></span> <span class='ocrx_word' id='word_1_237' title='bbox 224 3894 371 3949; x_wconf 88' lang='lat' dir='ltr'><strong>interimat.</strong></span> <span class='ocrx_word' id='word_1_238' title='bbox 672 3901 803 3972; x_wconf 85' lang='lat' dir='ltr'><strong>promtius</strong></span> <span class='ocrx_word' id='word_1_239' title='bbox 827 3912 853 3954; x_wconf 85' lang='lat' dir='ltr'><strong>et</strong></span> <span class='ocrx_word' id='word_1_240' title='bbox 876 3897 982 3955; x_wconf 83' lang='lat' dir='ltr'><strong>fidelius</strong></span> <span class='ocrx_word' id='word_1_241' title='bbox 1005 3903 1131 3968; x_wconf 80' lang='lat' dir='ltr'><strong>obediat.</strong></span> <span class='ocrx_word' id='word_1_242' title='bbox 1160 3920 1188 3962; x_wconf 80' lang='lat' dir='ltr'><strong>et</strong></span> 
     </span>
     <span class='ocr_line' id='line_1_34' title="bbox 158 3975 1012 4054; baseline 0.009 -26"><span class='ocrx_word' id='word_1_243' title='bbox 158 3989 223 4042; x_wconf 76' lang='lat'><strong>972.</strong></span> <span class='ocrx_word' id='word_1_244' title='bbox 239 3975 286 4027; x_wconf 74' lang='lat' dir='ltr'><strong>Aa</strong></span> <span class='ocrx_word' id='word_1_245' title='bbox 294 3987 401 4040; x_wconf 57' lang='lat' dir='ltr'><strong>amnt</strong></span> <span class='ocrx_word' id='word_1_246' title='bbox 412 3995 428 4030; x_wconf 86' lang='lat' dir='ltr'><strong>a</strong></span> <span class='ocrx_word' id='word_1_247' title='bbox 438 3989 463 4029; x_wconf 82' lang='lat' dir='ltr'><strong>te</strong></span> <span class='ocrx_word' id='word_1_248' title='bbox 473 3975 628 4054; x_wconf 79' lang='lat' dir='ltr'><strong>interficiar.</strong></span> <span class='ocrx_word' id='word_1_249' title='bbox 672 3983 773 4053; x_wconf 84' lang='lat' dir='ltr'><strong>jussum</strong></span> <span class='ocrx_word' id='word_1_250' title='bbox 786 3982 884 4034; x_wconf 81' lang='lat' dir='ltr'><strong>vulnus</strong></span> <span class='ocrx_word' id='word_1_251' title='bbox 900 3980 1012 4052; x_wconf 70' lang='lat' dir='ltr'><strong>infligat.</strong></span> 
     </span>
     <span class='ocr_line' id='line_1_35' title="bbox 158 4055 1186 4132; baseline 0.014 -26"><span class='ocrx_word' id='word_1_252' title='bbox 158 4059 220 4123; x_wconf 79' lang='lat'><strong><em>975.</em></strong></span> <span class='ocrx_word' id='word_1_253' title='bbox 235 4055 280 4107; x_wconf 80' lang='lat' dir='ltr'><strong>Aa</strong></span> <span class='ocrx_word' id='word_1_254' title='bbox 296 4073 373 4107; x_wconf 80' lang='lat' dir='ltr'><strong>arma.</strong></span> <span class='ocrx_word' id='word_1_255' title='bbox 384 4061 427 4109; x_wconf 78' lang='lat' dir='ltr'><strong>An</strong></span> <span class='ocrx_word' id='word_1_256' title='bbox 441 4055 523 4123; x_wconf 84' lang='lat' dir='ltr'><strong>forte,</strong></span> <span class='ocrx_word' id='word_1_257' title='bbox 533 4056 628 4110; x_wconf 82' lang='lat' dir='ltr'><strong>veneni</strong></span> <span class='ocrx_word' id='word_1_258' title='bbox 714 4067 781 4132; x_wconf 82' lang='lat'>978.</span> <span class='ocrx_word' id='word_1_259' title='bbox 795 4061 865 4115; x_wconf 83' lang='lat' dir='ltr'><strong>Mors</strong></span> <span class='ocrx_word' id='word_1_260' title='bbox 878 4061 1017 4129; x_wconf 80' lang='lat' dir='ltr'><strong>disseratur.</strong></span> <span class='ocrx_word' id='word_1_261' title='bbox 1031 4063 1091 4116; x_wconf 78' lang='lat' dir='ltr'><strong>Men</strong></span> <span class='ocrx_word' id='word_1_262' title='bbox 1104 4084 1186 4120; x_wconf 84' lang='lat' dir='ltr'><strong>manu</strong></span> 
     </span>
     <span class='ocr_line' id='line_1_36' title="bbox 121 4129 1187 4208; baseline 0.018 -28"><span class='ocrx_word' id='word_1_263' title='bbox 121 4129 148 4180; x_wconf 77' lang='lat' dir='ltr'><strong>ri</strong></span> <span class='ocrx_word' id='word_1_264' title='bbox 158 4133 251 4199; x_wconf 79' lang='lat' dir='ltr'><strong>rictus,</strong></span> <span class='ocrx_word' id='word_1_265' title='bbox 262 4153 354 4188; x_wconf 83' lang='lat' dir='ltr'><strong>arcum</strong></span> <span class='ocrx_word' id='word_1_266' title='bbox 364 4133 474 4190; x_wconf 82' lang='lat' dir='ltr'><strong>tendere</strong></span> <span class='ocrx_word' id='word_1_267' title='bbox 485 4149 511 4190; x_wconf 82' lang='lat' dir='ltr'><strong>et</strong></span> <span class='ocrx_word' id='word_1_268' title='bbox 523 4136 629 4208; x_wconf 73' lang='lat' dir='ltr'><strong>sagittas</strong></span> <span class='ocrx_word' id='word_1_269' title='bbox 673 4138 788 4196; x_wconf 83' lang='lat' dir='ltr'><strong>decreta.</strong></span> <span class='ocrx_word' id='word_1_270' title='bbox 796 4170 835 4181; x_wconf 89' lang='lat'>-</span> <span class='ocrx_word' id='word_1_271' title='bbox 849 4141 953 4194; x_wconf 78' lang='lat' dir='ltr'><strong>Licham.</strong></span> <span class='ocrx_word' id='word_1_272' title='bbox 968 4143 1134 4198; x_wconf 70' lang='lat' dir='ltr'><strong>abbacuc·</strong></span> <span class='ocrx_word' id='word_1_273' title='bbox 1145 4145 1187 4198; x_wconf 89' lang='lat' dir='ltr'><strong>in·</strong></span> 
     </span>
     <span class='ocr_line' id='line_1_37' title="bbox 121 4208 1188 4288; baseline 0.015 -24"><span class='ocrx_word' id='word_1_274' title='bbox 121 4208 223 4266; x_wconf 69' lang='lat' dir='ltr'><strong>ninus</strong></span> <span class='ocrx_word' id='word_1_275' title='bbox 233 4231 289 4268; x_wconf 84' lang='lat' dir='ltr'><strong>non</strong></span> <span class='ocrx_word' id='word_1_276' title='bbox 302 4213 392 4268; x_wconf 77' lang='lat' dir='ltr'><strong>vales?</strong></span> <span class='ocrx_word' id='word_1_277' title='bbox 674 4221 754 4288; x_wconf 76' lang='lat' dir='ltr'><strong>sule,</strong></span> <span class='ocrx_word' id='word_1_278' title='bbox 768 4219 898 4275; x_wconf 82' lang='lat' dir='ltr'><strong>Lichader</strong></span> <span class='ocrx_word' id='word_1_279' title='bbox 913 4220 1009 4286; x_wconf 70' lang='lat' dir='ltr'><strong>dictu,</strong></span> <span class='ocrx_word' id='word_1_280' title='bbox 1033 4223 1120 4277; x_wconf 80' lang='lat' dir='ltr'><strong>Stnb.</strong></span> <span class='ocrx_word' id='word_1_281' title='bbox 1139 4225 1188 4280; x_wconf 90' lang='lat' dir='ltr'><strong>lib.</strong></span> 
     </span>
    </p>
   </div>
   <div class='ocr_carea' id='block_1_5' title="bbox 0 0 1573 5108">
    <p class='ocr_par' dir='ltr' id='par_1_13' title="bbox 0 0 1573 5108">
     <span class='ocr_line' id='line_1_38' title="bbox 0 0 1573 5108; baseline 0 0"><span class='ocrx_word' id='word_1_282' title='bbox 0 0 1573 5108; x_wconf 95' lang='lat' dir='ltr'><strong> </strong></span> 
     </span>
    </p>
   </div>
  </div>
 </body>
</html>
