3130 5108
281 583 559 654 HERCULES
583 585 795 654 OETAEUS.
822 585 935 656 Ac'r.
962 585 1012 654 ΙΙ.
1137 583 1184 656 25

163 703 324 790 Infestus,
346 703 438 774 Iolen
457 703 538 774 dum
555 731 655 803 supra
677 709 864 778 exanimem
883 733 990 778 ruam.

162 815 251 886 Felix
264 817 354 910 jacet
372 819 592 912 quicumque,
612 843 695 913 quos
714 819 804 905 odit,
823 819 956 914 premit.
1141 840 1186 881 ³⁵0

163 949 267 996 sum.
284 926 376 1016 Quid
395 928 465 1022 ipsa
486 927 635 998 flammas
653 927 783 1024 pascis?
800 943 834 998 et
854 944 983 998 vastum
1003 927 1094 998 fovee

163 1037 262 1107 Ultro
280 1037 428 1108 dolorem
446 1039 587 1108 misera?
604 1039 687 1134 quid
703 1065 831 1110 cassum
849 1039 968 1112 times?

162 1145 288 1218 Dilexit
305 1146 416 1234 lolem
433 1173 551 1244 nempe
570 1149 651 1220 dum
672 1164 796 1220 starent
815 1149 925 1238 lares,
966 1229 972 1240 ,

163 1257 329 1352 Regisque
347 1272 458 1326 nutam
477 1273 603 1352 peteret
622 1285 629 1328 ε
650 1259 684 1328 in
705 1258 838 1330 famule
856 1259 970 1331 locum*

163 1368 294 1462 Regina
308 1367 450 1440 cecidit:
471 1369 617 1464 perdidit
639 1369 724 1440 vires
741 1395 847 1456 amor,

162 1480 376 1577 Multumque
393 1483 434 1556 eb
453 1481 510 1552 illo
529 1486 631 1554 traxit
647 1482 761 1554 infelix
779 1499 895 1554 status.

162 1593 284 1666 Illicita
300 1613 473 1684 amantum
496 1599 636 1686 excidit,
657 1597 823 1694 quidquid
840 1597 926 1668 licet.

161 1730 286 1778 oman.
305 1711 453 1778 Fortuna
471 1733 619 1780 amorem
635 1711 728 1804 pejor
747 1709 932 1779 inflammat
953 1707 1067 1802 magis.

162 1817 260 1884 Amat
277 1815 329 1885 vel
346 1819 473 1912 ipsum,
485 1817 579 1913 quod
591 1834 683 1888 caret
699 1821 806 1912 patrio
826 1816 911 1905 lare,

162 1925 264 2016 Quod
281 1927 392 1997 nudus
409 1953 493 1998 nstro
509 1929 610 1997 crinis
629 1943 661 1997 et
679 1953 807 2023 gemma
821 1928 929 2020 jacet:
1141 1945 1179 1984 ³⁶⁰

161 2039 254 2132 Ipsas
273 2039 459 2110 misericors
477 2040 587 2109 forsan
605 2064 767 2110 aerumnas
786 2053 886 2112 annet.

162 2150 232 2217 Hoc
250 2149 408 2218 usitatum
423 2164 471 2218 est
486 2149 643 2240 Herculi3
666 2165 779 2244 captas
799 2164 898 2218 amat.

161 2281 265 2328 nuru.
287 2257 417 2330 Dilecta
438 2261 560 2328 Priami
582 2283 701 2354 nempe
719 2259 881 2330 Dardanii
903 2283 1001 2327 soror

161 2369 329 2438 Concessa
344 2366 469 2437 famulo
488 2385 538 2438 est
552 2396 560 2438 ε
576 2369 687 2456 adice,
705 2384 788 2464 quot
807 2383 928 2462 nuptas
946 2369 1055 2461 prius,

157 2555 219 2612 35³.
243 2557 314 2627 (tuta
325 2577 425 2612 emtum
439 2559 511 2626 Quid
525 2561 621 2615 trustra
707 2559 772 2614 362.
789 2561 844 2612 Hoe
857 2561 971 2611 usitatum
984 2571 1028 2611 est.
1049 2559 1083 2611 Et
1104 2557 1177 2612 hunc

123 2647 144 2687 et
155 2635 180 2690 in
192 2655 290 2690 renum
306 2638 405 2692 times?
665 2657 769 2692 versum
776 2639 907 2710 chauirss
913 2639 1017 2692 tribuit.
1025 2638 1178 2692 Famam·-

155 2717 217 2782 354.
238 2717 359 2790 Regr'sque
376 2730 459 2771 uerum
477 2731 581 2789 peteret,
595 2731 622 2774 et
664 2717 1174 2790 Egopariter,inquitl)elrius,silocus

122 2791 177 2848 dnn
191 2816 219 2850 eu
238 2815 318 2867 qnam
333 2799 440 2867 petebat
452 2811 512 2854 eret-
521 2799 621 2870 prinei·
664 2801 846 2870 conjectures,
864 2801 963 2870 opinor
990 2799 1063 2852 linnc
1089 2795 1177 2850 adhue

31 2913 32 2924 ,
123 2873 159 2943 pis
171 2876 307 2947 regnorum
321 2889 391 2930 nata.
663 2878 823 2930 versiculum
845 2877 1050 2950 relinquendum
1068 2876 1177 2947 chani·

155 2954 218 3010 356.
230 2955 382 3028 Multumque
395 2957 426 3009 al
442 2957 485 3009 ttto
498 2963 573 3009 trusit
586 2963 620 3010 iir-
663 2975 718 3010 re:
734 2970 887 3028 sequentem
906 2978 972 3011 uero
991 2957 1088 3010 nutrici
1110 2955 1177 3008 dsu-

118 3033 173 3097 Μὴ
187 3047 275 3088 staua.
293 3037 327 3089 m
348 3036 416 3090 tud·
438 3037 543 3090 fortuna
564 3057 619 3092 non
664 3035 737 3090 dum·
759 3037 845 3098 Solet.
863 3038 951 3110 inquit
971 3037 1032 3101 illa,
1047 3034 1175 3088 Hercules

122 3127 204 3179 perum
216 3113 332 3170 detraxit
343 3113 377 3168 tle
393 3117 552 3182 illournore3
565 3136 620 3170 non
663 3135 751 3169 amere
774 3129 871 3188 ceptus.
891 3116 1045 3188 Respondet
1067 3114 1174 3176 nutrix,

122 3207 204 3260 perum
221 3194 321 3248 minuit
332 3195 407 3248 illum
419 3213 546 3249 umorem.
664 3196 760 3257 solere,
778 3194 825 3249 sed
846 3197 921 3248 brevi
940 3196 1041 3266 spatio,
1063 3207 1090 3247 et
1112 3211 1175 3246 mox

153 3272 543 3344 357.lllleitaamuntur.Qnam
552 3275 619 3329 Her·
664 3275 804 3345 abjicere:
829 3273 911 3346 idque
932 3275 1028 3346 prqbnt
1048 3271 1178 3342 exemplis

121 3350 183 3404 eules
191 3351 352 3424 deperierat,
363 3354 427 3407 dum
439 3368 505 3408 esset
514 3357 619 3426 regina,
663 3353 809 3420 Hesiones,
839 3357 940 3424 Auges,
974 3352 1174 3425 Thespiadum,

121 3427 186 3484 Iolen
202 3450 277 3486 nune
294 3432 365 3487 idem
387 3433 516 3496 fastidiet,
537 3453 620 3505 quum
665 3433 803 3503 Omphale
818 3455 824 3486 ι
838 3453 897 3505 quse
917 3452 979 3488 sane
998 3433 1074 3486 nullo
1095 3430 1177 3484 modo

121 3506 177 3564 ficte
186 3525 224 3564 est
233 3512 338 3565 arbitrii
347 3514 621 3580 sui.-Eeer'dit,ea·
665 3514 697 3566 ab
723 3515 779 3582 ipsa
804 3513 928 3584 Dejanire
953 3513 1005 3566 dici
1029 3512 1175 3566 convenit:

121 3583 267 3654 dit,eecidit
275 3629 283 3656 ,
291 3593 360 3663 jacet
374 3593 449 3645 lineri
460 3595 620 3664 neglectum.
665 3593 788 3662 cogitate,
797 3593 899 3658 critici,
911 3606 938 3646 et
950 3591 1135 3645 adsentemini.

154 3671 219 3738 359.
232 3673 318 3724 Amat.
337 3672 389 3726 Vel
409 3673 445 3726 ob
462 3674 514 3726 hoc
529 3671 622 3726 arden·
707 3672 773 3726 363.
790 3673 897 3726 Dilecta.
909 3671 1052 3726 Hesionem
1066 3669 1175 3742 quidem

121 3745 164 3801 tine
179 3764 266 3816 emet,
280 3751 343 3822 quia
358 3751 459 3805 misere
471 3753 619 3806 miseretur.
665 3763 732 3804 ceto.
745 3766 862 3824 ereptam
880 3767 1022 3824 posteaque
1043 3770 1096 3804 una
1114 3769 1176 3804 cum

121 3829 201 3882 -Vet
208 3834 295 3901 ipsum.
307 3831 357 3883 Vel
368 3831 404 3883 ob
416 3831 467 3884 hoc
481 3831 622 3902 ipsum·-
665 3831 745 3902 'l'roja
764 3845 867 3903 captam
887 3829 1075 3901 (Herculique,
1093 3829 1178 3882 utin·

123 3903 201 3976 Ceret,
211 3909 294 3963 domo
302 3948 311 3975 ,
322 3929 388 3964 auro
400 3924 426 3963 et
435 3911 546 3982 gemmis
555 3913 620 3966 Iole.
665 3911 740 3976 nuit,
764 3901 889 3982 amatum)
907 3912 1035 3965 concessit
1053 3909 1178 3962 llercules

155 3986 219 4043 361.
230 3989 366 4044 AErumnus
375 4004 451 4043 amat.
464 3991 527 4044 Stat.
535 3992 622 4044 Theb.
666 3991 758 4044 comiti
772 4011 818 4045 suo
828 3991 967 4044 Telamoni
976 4029 984 4056 ,
992 3988 1066 4062 quod
1077 3991 1179 4060 primus

122 4062 197 4132 VIII,
213 4089 252 4122 vs.
266 4069 340 4139 559,
363 4067 398 4146 de
412 4071 517 4124 Ismene
535 4089 542 4124 τ
562 4090 623 4124 «eu-
666 4088 776 4124 murum
787 4083 951 4142 occupasset.

120 4153 169 4197 tius
187 4151 284 4202 emanti
309 4149 436 4222 squalor,
468 4164 495 4204 et
519 4150 621 4222 indigni
708 4149 776 4215 364.
801 4153 919 4206 Concessa
937 4151 1036 4219 famulo
1057 4162 1099 4201 est.
1115 4143 1178 4200 Vid.

120 4227 277 4284 commendas
289 4231 372 4300 gratie
385 4230 480 4283 luctus.
493 4256 505 4278 ι
669 4229 810 4284 Animadv.
