3220 5128
468 539 704 608 OCTAVIA.
734 539 846 608 ACT.
873 539 899 605 l.
1155 567 1217 612 unt

202 661 381 753 Emergere
399 659 544 744 umbris,
562 643 664 731 et'fer
677 659 836 731 auxilium
854 676 919 730 tuae

202 770 299 840 Natae
316 768 504 855 invocanti,
525 773 670 865 genitor3
692 786 750 841 aut
767 773 899 867 Stygios
921 771 1013 841 sinus
1186 797 1224 836 sss

201 875 336 946 Tellure
355 893 451 973 rupta
474 879 603 973 pande,
630 907 698 974 quo
719 905 864 975 praeceps
880 880 978 950 ferar.

203 1009 310 1057 nuru.
333 991 470 1056 Frustra
487 991 633 1081 parentis
652 977 784 1060 invocas
803 1015 916 1059 manes
936 991 1002 1076 tui,

201 1096 414 1182 Miseranda,
433 1096 577 1183 frustra,
595 1097 685 1168 nulla
709 1101 763 1169 cui
788 1099 890 1194 prolis
912 1125 978 1169 suae

201 1209 318 1277 Manet
334 1206 421 1274 inter
435 1207 570 1276 umbras
592 1233 689 1294 cura,
706 1210 763 1304 qni
782 1223 861 1278 nato
880 1234 940 1278 suo

200 1315 359 1384 Praeferre
376 1317 485 1410 potuit
508 1319 668 1412 sanguine
685 1316 793 1388 alieno
811 1333 938 1404 satum,

201 1427 427 1520 Genitamqua
443 1426 554 1496 fratris
572 1430 746 1524 conjugem
764 1445 880 1524 captus
896 1430 958 1498 sibi

200 1536 295 1605 Turis
317 1534 468 1604 nefandis
490 1535 592 1606 flebili
609 1539 723 1631 junxit
744 1538 826 1608 face.

150 1725 214 1778 ergo
229 1705 340 1760 Octavia
353 1709 423 1777 justa
439 1707 553 1762 Neronis
569 1727 655 1762 uxor:
706 1709 881 1782 «Agrippinae
920 1708 1071 1772 illecebris,
1106 1711 1215 1782 inquit,

149 1785 216 1858 quid
229 1803 293 1839 vero
305 1785 376 1840 inter
385 1789 482 1858 justam
497 1801 524 1840 et
534 1789 658 1859 injustam
703 1789 860 1860 Germanici·
873 1788 960 1842 fratris
975 1789 1015 1842 sui
1029 1789 1101 1854 filiae,
1112 1808 1162 1860 per
1171 1795 1215 1864 jus

148 1866 486 1931 uxoremiutersit,docet
499 1868 657 1936 baiardus,
704 1870 789 1923 osculi
810 1883 837 1922 et
858 1867 1047 1922 blanditiarum
1067 1871 1217 1926 occasiones

149 1948 192 1998 De
208 1945 275 2016 juris
287 1946 523 2017 ambiguitatibus,
540 1947 587 2000 lib.
603 1949 654 2014 IV,
701 1951 833 2021 pellectus
848 1947 877 2000 in
896 1965 1032 2014 amorem,
1057 1949 1212 2005 subornarit

148 2044 172 2078 c.
187 2029 233 2078 16.
255 2027 405 2078 91η-
425 2026 506 2096 Caput
527 2031 652 2092 maritum,
699 2029 823 2099 proximo
842 2040 934 2080 senatu
952 2028 999 2100 qni
1012 2042 1152 2083 censerent
1169 2049 1214 2084 oo·

147 2115 230 2176 caput
251 2105 372 2158 maritale
397 2103 488 2158 uxoiis
510 2106 652 2176 legitimae:
698 2106 815 2179 gendum
830 2126 857 2160 ee
872 2104 1068 2160 adducendum
1078 2127 1135 2161 eam
1149 2127 1212 2164 uxo-

147 2197 188 2236 eat
197 2184 347 2256 epexegesis
357 2197 429 2255 caput
437 2189 565 2251 scaritum,
578 2190 655 2258 stupri
696 2205 754 2240 rem
762 2187 850 2259 ..qnasi
862 2186 1210 2258 reip.maximeinteresset;

144 2267 270 2332 pretium-¹
293 2263 429 2333 quomodo
448 2262 520 2336 apud
540 2266 654 2336 Proper·
697 2264 867 2336 dandamque
878 2267 977 2318 caeteris
990 2266 1096 2318 reniam
1113 2267 1207 2322 talium

149 2343 228 2408 tium,
245 2368 256 2390 ι
271 2344 392 2414 conjugis
407 2342 525 2397 obscoeni
538 2347 654 2416 pretium
697 2347 904 2416 conjugiorum,
920 2363 980 2416 quaa
1001 2343 1035 2396 ad
1057 2344 1086 2398 id
1104 2357 1210 2417 tempus

146 2422 268 2476 Romanu
288 2423 410 2494 poposcit
428 2423 534 2475 Mcauia.
556 2449 567 2472 ι
600 2425 655 2478 Νο-
682 2425 796 2477 ‘incesta
806 2421 981 2478 habebantur.
992 2422 1039 2490 nc,
1048 2425 1094 2477 vix
1103 2427 1158 2478 uno
1168 2427 1210 2479 iti·

146 2515 200 2555 ater
218 2503 291 2572 ipse,
301 2515 364 2573 post
373 2521 412 2556 vs.
425 2506 477 2557 fior
490 2519 498 2554 t
512 2528 524 2550 ι
539 2503 653 2557 Funesta
698 2503 826 2574 terposito
848 2501 892 2555 die
910 2542 918 2567 ,
941 2503 1057 2556 confecit
1080 2506 1209 2574 nuptias,

146 2599 247 2634 merces
259 2583 368 2653 puppis,
382 2595 408 2636 et
419 2584 533 2652 pretium
549 2584 654 2654 imperii
697 2601 751 2636 non
759 2583 869 2654 repertis
879 2583 926 2654 qni
937 2595 1110 2653 sequerentur
1120 2602 1209 2638 exem-

144 2661 207 2714 Nox
217 2660 290 2714 illa.»
304 2659 378 2714 Nihil
389 2662 544 2715 familiarius
556 2664 653 2733 poetis:
698 2663 787 2734 plum,
803 2675 914 2734 excepto
928 2662 1054 2714 libertino
1069 2663 1205 2734 quodam,

144 2739 244 2812 dequo
257 2739 349 2794 Heius.
365 2740 478 2795 Advers.
486 2742 525 2807 11,
540 2749 583 2806 14.
697 2755 723 2795 et
743 2743 826 2794 altero
847 2741 1020 2812 primipilari;
1048 2748 1123 2814 cujus
1144 2745 1207 2798 offi-

190 2821 256 2884 134.
271 2819 376 2873 Umbris.
390 2819 461 2874 Vide
470 2839 523 2874 var.
540 2821 654 2875 lectt.-
698 2822 771 2874 cium
788 2823 942 2892 nuptiarum
963 2823 1060 2893 etipse
1075 2841 1129 2876 una
1143 2843 1206 2878 curn

145 2900 285 2970 dimergere.
306 2901 487 2972 imperativo,¹
498 2917 603 2972 emerge
617 2916 653 2955 te.
696 2902 844 2972 Agrippina
863 2902 1013 2954 celebravit.
1029 2927 1041 2948 ι
1066 2901 1166 2957 Eadem
1189 2923 1203 2958 a

145 2979 189 3034 Sic
215 2976 288 3050 apud
316 2980 459 3044 Senecam,
487 2981 652 3051 Hippolvs.
697 2981 824 3034 Cornelio
835 2981 1005 3046 Tacitc,lib.
1022 2981 1158 3055 XILcap.
1176 3002 1205 3055 7,
1265 3047 1268 3052 Ι

149 3077 240 3112 saon:
267 3058 406 3112 :condere
421 3059 579 3112 Acheruntia
595 3062 652 3132 pla·
696 3074 952 3124 commemorantur,
966 3061 1017 3113 nisi
1033 3060 1106 3130 quod
1124 3063 1202 3116 Taci-

145 3138 194 3209 gia.
211 3164 222 3185 ι
239 3138 307 3202 Pro,
320 3139 406 3203 conde,
422 3157 501 3208 merge
515 3153 546 3191 te.
696 3153 737 3192 tus
752 3157 835 3193 unum
856 3141 888 3192 T.
906 3138 1041 3202 Alledium
1058 3140 1201 3204 Severum,

188 3218 251 3272 138.
263 3219 350 3272 Nulla.
362 3218 412 3270 Cui
420 3219 481 3272 vivo
490 3219 561 3272 nulla
571 3219 652 3290 prolis
695 3219 811 3290 equitem
823 3220 981 3282 Romanurn,
991 3220 1141 3288 exemplum
1153 3221 1205 3274 hoc

145 3315 226 3361 cura,
239 3296 340 3351 nedum
357 3310 473 3351 mortuo.
695 3313 836 3370 sequutum
851 3299 930 3351 fuisse
941 3298 1031 3350 refert.
1054 3299 1145 3351 Daca.
1164 3329 1205 3344 -

186 3378 253 3447 139.
267 3377 344 3432 Nato.
357 3378 519 3431 britannico.
696 3377 786 3430 Flebili
796 3379 863 3445 sace.
882 3375 1015 3430 Tristibus
1035 3389 1062 3429 et
1084 3378 1205 3433 infaustis

186 3464 252 3520 140.
269 3454 392 3527 Sanguine
405 3457 483 3510 alieno
495 3469 583 3530 satraps.
600 3457 652 3510 Ne·
695 3458 805 3528 nuptiis.
820 3457 947 3510 Pboeniss.
966 3475 1006 3508 vs.
1022 3459 1076 3510 263
1090 3471 1115 3510 et
1131 3457 1203 3530 507;

141 3553 248 3589 runem.
560 3527 566 3535 ⁵
695 3535 770 3590 Med.
783 3557 807 3589 r.
824 3537 868 3590 15.
887 3535 962 3589 Adde
973 3534 1045 3607 quod
1061 3555 1111 3589 xxx
1124 3537 1206 3592 Sena·

188 3622 253 3679 tir.
275 3615 382 3685 captus,
407 3633 496 3669 amore
517 3615 651 3681 detentus,
696 3627 783 3668 torum
795 3629 821 3668 et
833 3607 1015 3670 Romanoruria
1025 3617 1145 3687 equitum
1162 3619 1205 3670 in-

142 3696 275 3748 incensua.
290 3693 354 3748 Vid.
372 3694 516 3749 Animadv.
696 3713 868 3748 numerorum
898 3694 987 3758 cade,
1014 3697 1118 3768 nuptias
1147 3697 1205 3752 haec

188 3782 253 3838 ¹4²·
275 3773 329 3826 Stat
354 3774 425 3828 Turis
448 3775 559 3842 nefassde's
571 3776 653 3845 flebili
696 3776 846 3828 celebravit.
860 3775 1116 3828 lisania-Facem
1132 3777 1200 3832 hanc

135 3857 223 3924 jussit
226 3855 296 3922 sace.
310 3853 438 3908 Nefandia
449 3845 511 3923 (hoc
523 3867 572 3918 est,
582 3851 651 3917 suis)
696 3871 797 3924 sponse
816 3866 901 3906 rnater
921 3854 1085 3925 proferebat.
1107 3855 1203 3910 Noster

146 3934 215 3987 toris
242 3951 291 4004 per
310 3933 427 3988 flebilem
447 3935 536 4004 junxit
558 3935 652 3988 lacem.
695 3933 824 3996 inferius,
849 3933 1203 4007 vs.153:·dil·acuige-

143 4013 323 4082 -Nescndis.
335 4014 435 4068 Fratris
444 4015 515 4067 enirn
526 4014 569 4066 vel
581 4033 653 4066 soro·
695 4014 775 4066 nitria
796 4014 878 4066 lacem
906 4013 1047 4077 Accendit,
1065 4038 1076 4060 ι
1093 4027 1120 4066 at
1140 4028 1202 4068 actu

144 4092 184 4144 ris
201 4092 284 4146 filiam
301 4109 411 4147 uxorem
426 4092 524 4148 ducere
545 4112 600 4146 non
620 4092 653 4144 li·
696 4094 748 4157 111,
757 4111 827 4151 scen.
840 4112 866 4158 1,
877 4113 915 4146 vs.
931 4093 995 4162 594,
1010 4111 1066 4164 sqq.
1080 4094 1205 4165 Agrippi·

144 4184 198 4226 cet.
215 4172 382 4238 Suetonius,
402 4171 495 4228 Claud.
513 4172 558 4228 rit.
573 4191 652 4227 xxvi:
696 4192 729 4226 na
743 4171 807 4226 dicit
822 4191 850 4226 sc
864 4173 979 4244 Stygiam
995 4173 1077 4225 lacem
1092 4172 1206 4226 Neronis
