3130 5108
274 517 556 588 HERCULES
580 520 789 589 OETAEUS.
818 521 930 590 ACT.
955 518 1004 588 ΙΙ.
1130 547 1177 620 29

153 641 285 710 Orabat
303 639 390 710 ullos
406 667 413 708 :
439 641 577 709 nuribus
596 641 760 735 Argolicis
783 641 830 708 lui
1137 662 1177 706 eoo

153 755 313 820 Mensura
336 753 417 820 voti.
433 754 544 843 Quem
559 751 634 820 lovi
656 776 805 820 socerum
824 775 958 845 parem,

152 861 288 959 Altpix,
309 861 461 930 habebo?
482 862 557 954 quis
575 861 635 928 sub
655 862 719 930 hoc
739 860 867 929 mundo
891 862 975 930 mihi

151 971 301 1041 Dabitur
319 971 482 1040 maritus?
500 973 586 1065 ipse,
605 972 662 1064 qui
683 970 807 1041 Alcidae
828 973 988 1066 imperat,

152 1082 298 1150 Facibus
314 1082 383 1150 suis
400 1108 452 1150 me
466 1083 587 1177 jungat
608 1083 810 1177 Eurystheus
831 1083 924 1166 licet,

148 1194 269 1262 Minus
286 1208 359 1262 est:
385 1207 458 1262 toro
476 1194 619 1262 caruisse
636 1195 805 1287 regnantis
823 1193 894 1262 leve
911 1206 961 1263 est
979 1219 987 1263 :
1136 1215 1175 1262 ⁴0⁵

153 1301 233 1371 Alte
251 1300 304 1370 illa
325 1301 463 1389 cecidit,
483 1328 557 1396 quae
573 1303 644 1370 viro
659 1318 750 1372 caret
767 1303 920 1372 Hercule.

153 1435 262 1482 nuru.
283 1411 447 1482 Conciliat
465 1413 594 1480 animos
612 1407 794 1506 cdnjugum
816 1428 931 1506 partus
949 1411 1027 1484 fere.

153 1546 279 1591 aaran.
302 1521 356 1590 Sic
374 1523 443 1615 ipse
460 1519 570 1591 forsan
592 1521 716 1591 dividet
733 1537 848 1617 partus
868 1537 967 1592 toros.

152 1655 263 1701 nura.
281 1629 417 1699 Famula
437 1629 491 1700 illa
512 1633 655 1700 trahitur
674 1632 807 1701 interim
828 1632 952 1701 donum
974 1633 1047 1702 tibi.

151 1763 280 1809 uersu.
301 1743 418 1827 Hunc,
437 1765 536 1834 quem
555 1767 614 1836 per
628 1742 726 1810 urbes
739 1743 789 1811 ire
804 1741 998 1836 praclarum
1014 1743 1176 1834 vides,s=··

153 1853 201 1918 Et
223 1851 297 1918 viva
315 1864 411 1944 tergo
431 1850 535 1944 spolia
554 1867 735 1946 gestantem
756 1853 851 1938 lerae,

153 1961 226 2048 Qui
248 1984 348 2054 regna
366 1960 493 2029 miseris
512 1959 631 2046 donat,
648 1977 681 2031 et
699 1961 794 2031 celsis
811 1964 916 2058 rapit,

154 2073 262 2139 Vasta
278 2084 433 2164 gravatus
454 2069 623 2141 horridam
645 2070 736 2142 clava
753 2099 909 2158 manum,

150 2261 216 2318 too.
230 2253 346 2307 Naribus.
357 2253 491 2326 Optabam
505 2255 555 2308 sibi
569 2276 623 2309 ma·
667 2261 726 2311 AEn.
735 2258 776 2311 111
784 2298 791 2323 ,
800 2277 837 2311 vs.
852 2258 908 2327 3¹7
920 2275 927 2308 s
939 2279 950 2301 s
958 2255 1018 2310 Heu
1029 2257 1088 2329 quis
1099 2271 1125 2312 te
1135 2277 1178 2314 cs·

111 2333 191 2388 ritum
203 2352 264 2386 meo
277 2351 378 2405 parem.
389 2363 429 2376 -
437 2335 549 2388 Menneu
559 2340 620 2390 voti.
666 2355 709 2391 sus
721 2339 836 2406 dejectam
848 2341 960 2408 conjuge
974 2350 1063 2403 tento,
1076 2351 1126 2394 ete.
1136 2365 1148 2387 ι

111 2413 222 2466 Femina
242 2413 403 2466 conditionis
426 2415 500 2485 ejus,
526 2415 621 2468 condi·
708 2421 771 2482 408.
797 2416 839 2469 Sic
861 2421 916 2486 ipse.
938 2417 982 2470 stc
1004 2413 1176 2489 (invertitque

112 2493 191 2546 tionis
208 2505 261 2545 tam
272 2493 419 2557 lortunatse,
428 2506 458 2546 ut
472 2495 540 2547 nihil
555 2508 622 2548 esset
666 2496 777 2550 nutricis
792 2492 986 2566 argumentum)
998 2496 1055 2548 Iole
1070 2495 1116 2549 ubi
1130 2516 1178 2568 pe·

113 2592 203 2644 snpra,
214 2586 241 2625 et
256 2590 337 2625 essem
352 2591 401 2644 ego
412 2591 542 2640 mensura,
552 2573 622 2637 fiais,
666 2575 781 2646 pererit,
802 2575 918 2628 firmabit
941 2575 1031 2628 sibiet
1051 2576 1178 2630 retinebit

112 2671 213 2706 summa
223 2670 278 2724 qao
286 2650 426 2706 tenderent
437 2653 542 2708 illarum
552 2666 620 2708 vota.
666 2654 824 2720 Herculem,
840 2673 883 2708 me
897 2655 927 2707 in
940 2665 1027 2708 totum
1040 2657 1145 2727 rejecta.

150 2739 216 2795 ⁴⁰²·
226 2731 335 2796 Mundo,
353 2733 429 2784 celo.
708 2741 771 2806 409.
786 2735 900 2787 Famula.
911 2732 969 2788 Hoc
982 2735 1003 2787 si
1016 2731 1176 2807 usqueadeo

150 2812 216 2875 405.
233 2813 299 2864 Toro
313 2815 415 2864 eanum
435 2817 557 2883 regnantis
574 2813 623 2867 lese
666 2827 784 2879 metuas,
796 2815 918 2885 pellicem
932 2815 1024 2884 potius
1043 2816 1098 2868 ulta
1114 2815 1178 2868 tolle

113 2904 153 2943 est.
167 2892 233 2944 llaec
254 2904 292 2944 est
307 2891 444 2945 sententia.
458 2893 517 2964 lpse
534 2895 620 2964 Eury·
666 2913 745 2966 quam
755 2894 891 2953 maritum,
903 2911 962 2964 quse
974 2894 1021 2948 tibi
1033 2891 1177 2950 donodetu

113 2970 200 3024 stbetu
216 2971 239 3024 si
250 2968 348 3023 ducere
358 2971 421 3024 velit
430 2972 473 3024 his
485 2973 623 3044 penatibus
668 2975 695 3028 in
710 2989 754 3027 tue
769 2992 848 3026 mann
865 2985 911 3026 est.

112 3051 262 3122 expulsam,
272 3069 328 3104 non
338 3051 458 3104 esttenti.
470 3051 526 3104 Etsi
536 3052 622 3118 enim,
710 3061 773 3118 410.
785 3054 858 3106 Hune
874 3072 950 3125 quern.
965 3053 1100 3118 Quorsum
1113 3072 1178 3108 vero

114 3148 194 3200 qnam
222 3129 258 3182 sis
285 3129 389 3200 regins,
416 3141 477 3184 toro
503 3131 623 3185 excidere
667 3132 780 3198 illud,si
796 3152 870 3186 more
883 3134 1178 3204 suanorumexquirst

112 3209 297 3278 grsdnimusn
310 3209 359 3272 sit,
370 3228 422 3262 nec
436 3211 559 3264 solatium
576 3211 623 3264 hs·
668 3212 805 3266 amorem?
827 3231 881 3283 quo
901 3213 1007 3278 furens,
1028 3213 1069 3266 vel
1088 3213 1178 3268 furere

113 3288 190 3353 beat,
210 3289 263 3342 uisi
279 3305 370 3342 rursus
383 3289 517 3344 inventam
532 3289 624 3344 condi·
666 3312 694 3346 se
718 3292 845 3346 simulans
870 3289 1013 3364 aliquando
1034 3292 1125 3360 tollet,
1147 3307 1178 3347 ut

114 3367 214 3420 donem
233 3386 339 3440 perenn
363 3382 450 3423 tamen
466 3368 494 3423 id
510 3371 538 3424 in
554 3371 623 3424 cele·
667 3371 800 3444 quondam
812 3372 954 3443 Megaram.
964 3370 1079 3425 Videtur
1090 3385 1178 3426 autem

112 3449 204 3500 mitste
227 3466 288 3500 mes
312 3449 457 3502 maximum
485 3469 540 3502 non
564 3463 621 3511 est,
667 3452 712 3505 hic
721 3450 874 3516 dictunr,ut
884 3450 955 3524 apud
967 3451 1178 3506 Petron.·hnne

75 3587 85 3602 .
114 3525 196 3580 immo
208 3527 267 3580 leve
275 3525 390 3594 ducitur,
405 3547 454 3582 nec
464 3548 623 3601 magnopere
666 3530 907 3596 adolescentulum,
922 3550 1001 3603 quem
1014 3529 1098 3596 sides,
1108 3533 1178 3587 melo

113 3619 315 3674 commoveret,
338 3607 361 3661 si
377 3607 500 3679 cuiquem
520 3609 565 3664 alii
588 3608 622 3661 de
667 3623 740 3664 astro
755 3622 832 3663 natus
848 3623 894 3664 est.
905 3636 916 3657 ι
934 3607 1005 3664 Vide
1021 3611 1112 3665 benef.
1128 3613 1175 3666 lib.

113 3704 206 3758 qum
237 3687 315 3757 plebe
340 3699 422 3758 nupta
450 3707 541 3742 essem.
564 3689 623 3740 Hoe
667 3689 844 3760 IV‚csp.32.

113 3783 192 3833 grave
206 3777 281 3819 tanto
298 3785 361 3838 rege
378 3767 475 3820 marito
495 3768 625 3831 caruisse,
710 3775 776 3832 411.
789 3769 852 3820 Vive
865 3771 1030 3840 tergospelia‚
1048 3782 1181 3825 suntexu·

114 3843 236 3898 lincolie
264 3843 373 3900 domum
401 3859 538 3902 mutasse:
563 3864 625 3900 oum
670 3848 1181 3916 viseleonisnatire,rudes,noasub·

114 3941 161 3994 ego
172 3942 262 3977 usum
273 3925 330 3978 sine
342 3926 436 3980 solatio
454 3925 625 3999 remedioque
670 3943 741 3982 acta.
755 3929 870 3982 Martini.
886 3928 919 3982 ad
933 3928 1106 3996 Cordubam,
1126 3933 1179 4002 Ep.

113 4021 169 4055 esse
182 4017 300 4059 autumo.
672 4009 743 4068 xil,
760 4010 807 4067 63,
820 4009 836 4062 5
850 4026 857 4061 :
876 4009 980 4063 «Nullo
994 4009 1108 4076 murice,
1129 4029 1180 4065 nec

156 4086 223 4146 406.
251 4084 311 4138 Alte
330 4085 375 4138 itta
395 4085 495 4153 cecidit,
516 4098 568 4140 etc.
586 4085 627 4140 Si·
672 4107 766 4142 cruore
781 4086 912 4154 mendax,
927 4087 1181 4162 Sedtinctisgregi·

114 4161 181 4214 mile
201 4162 256 4216 iere
277 4177 354 4219 sonet
373 4184 425 4219 vox
446 4165 492 4219 ills
512 4166 628 4237 Virgilii,
673 4169 723 4222 bns
734 4169 823 4222 colore
832 4171 918 4222 vivo..
